%% This BibTeX bibliography file was created using BibDesk.
%% http://bibdesk.sourceforge.net/


%% Created for James A. Crippen at 2020-04-27 15:04:16 -0700 


%% Saved with string encoding Unicode (UTF-8) 



@unpublished{international-phonetic-association:2018,
	Author = {{International Phonetic Association}},
	Date-Added = {2020-04-23 11:44:47 -0700},
	Date-Modified = {2020-04-23 11:49:58 -0700},
	Keywords = {Phonetics - Transcription; Phonetics - Transcription - Systems},
	Note = {Official unpublished chart},
	Shortauthor = {IPA},
	Title = {The International Phonetic Alphabet},
	Url = {https://www.internationalphoneticassociation.org/content/ipa-chart},
	Year = {2018},
	Bdsk-File-1 = {YnBsaXN0MDDSAQIDBFxyZWxhdGl2ZVBhdGhZYWxpYXNEYXRhXxAlLi4vLi4vLi4vTGl0ZXJhdHVyZS9JUEEgMjAxOCBLaWVsLnBkZk8RAWgAAAAAAWgAAgAADE1hY2ludG9zaCBIRAAAAAAAAAAAAAAAAAAAAAAAAABCRAAB/////xFJUEEgMjAxOCBLaWVsLnBkZgAAAAAAAAAAAAAAAAAAAAAAAAAAAAAAAAAAAAAAAAAAAAAAAAAAAAAAAAAAAAD/////AAAAAAAAAAAAAAAAAAMAAgAACiBjdQAAAAAAAAAAAAAAAAAKTGl0ZXJhdHVyZQACADQvOlVzZXJzOmphbWVzOkRvY3VtZW50czpMaXRlcmF0dXJlOklQQSAyMDE4IEtpZWwucGRmAA4AJAARAEkAUABBACAAMgAwADEAOAAgAEsAaQBlAGwALgBwAGQAZgAPABoADABNAGEAYwBpAG4AdABvAHMAaAAgAEgARAASADJVc2Vycy9qYW1lcy9Eb2N1bWVudHMvTGl0ZXJhdHVyZS9JUEEgMjAxOCBLaWVsLnBkZgATAAEvAAAVAAIADP//AAAACAANABoAJABMAAAAAAAAAgEAAAAAAAAABQAAAAAAAAAAAAAAAAAAAbg=}}

@book{international-phonetic-association:1999,
	Address = {Cambridge},
	Author = {{International Phonetic Association}},
	Booktitle = {Handbook of the International Phonetic Association},
	Date-Added = {2020-04-23 11:40:41 -0700},
	Date-Modified = {2020-04-23 11:50:34 -0700},
	Isbn = {0-521-65236-7},
	Keywords = {Phonetics - Transcription; Phonetics - Transcription - Systems},
	Library = {P227.I52 1999},
	Publisher = {Cambridge University Press},
	Shortauthor = {IPA},
	Title = {Handbook of the International Phonetic Association},
	Year = {1999},
	Bdsk-File-1 = {YnBsaXN0MDDSAQIDBFxyZWxhdGl2ZVBhdGhZYWxpYXNEYXRhXxAgLi4vLi4vLi4vTGl0ZXJhdHVyZS9JUEEgMTk5OS5wZGZPEQFWAAAAAAFWAAIAAAxNYWNpbnRvc2ggSEQAAAAAAAAAAAAAAAAAAAAAAAAAQkQAAf////8MSVBBIDE5OTkucGRmAAAAAAAAAAAAAAAAAAAAAAAAAAAAAAAAAAAAAAAAAAAAAAAAAAAAAAAAAAAAAAAAAAAA/////wAAAAAAAAAAAAAAAAADAAIAAAogY3UAAAAAAAAAAAAAAAAACkxpdGVyYXR1cmUAAgAvLzpVc2VyczpqYW1lczpEb2N1bWVudHM6TGl0ZXJhdHVyZTpJUEEgMTk5OS5wZGYAAA4AGgAMAEkAUABBACAAMQA5ADkAOQAuAHAAZABmAA8AGgAMAE0AYQBjAGkAbgB0AG8AcwBoACAASABEABIALVVzZXJzL2phbWVzL0RvY3VtZW50cy9MaXRlcmF0dXJlL0lQQSAxOTk5LnBkZgAAEwABLwAAFQACAAz//wAAAAgADQAaACQARwAAAAAAAAIBAAAAAAAAAAUAAAAAAAAAAAAAAAAAAAGh}}

@book{radford-atkinson-britain-etc:2009,
	Address = {Cambridge},
	Author = {Radford, Andrew and Atkinson, Martin and Britain, David and Clahsen, Harald and Spencer, Andrew},
	Booktitle = {Linguistics: An introduction},
	Date-Added = {2020-04-23 10:17:05 -0700},
	Date-Modified = {2020-04-23 10:17:05 -0700},
	Edition = {2},
	Isbn = {978-0-521-84948-7},
	Keywords = {Textbooks},
	Library = {P121.L528 2009},
	Publisher = {Cambridge University Press},
	Title = {Linguistics: An introduction},
	Year = {2009},
	Bdsk-File-1 = {YnBsaXN0MDDSAQIDBFxyZWxhdGl2ZVBhdGhZYWxpYXNEYXRhXxAqLi4vLi4vLi4vTGl0ZXJhdHVyZS9SYWRmb3JkIGV0IGFsIDIwMDkucGRmTxEBfgAAAAABfgACAAAMTWFjaW50b3NoIEhEAAAAAAAAAAAAAAAAAAAAAAAAAEJEAAH/////FlJhZGZvcmQgZXQgYWwgMjAwOS5wZGYAAAAAAAAAAAAAAAAAAAAAAAAAAAAAAAAAAAAAAAAAAAAAAAAAAAAAAP////8AAAAAAAAAAAAAAAAAAwACAAAKIGN1AAAAAAAAAAAAAAAAAApMaXRlcmF0dXJlAAIAOS86VXNlcnM6amFtZXM6RG9jdW1lbnRzOkxpdGVyYXR1cmU6UmFkZm9yZCBldCBhbCAyMDA5LnBkZgAADgAuABYAUgBhAGQAZgBvAHIAZAAgAGUAdAAgAGEAbAAgADIAMAAwADkALgBwAGQAZgAPABoADABNAGEAYwBpAG4AdABvAHMAaAAgAEgARAASADdVc2Vycy9qYW1lcy9Eb2N1bWVudHMvTGl0ZXJhdHVyZS9SYWRmb3JkIGV0IGFsIDIwMDkucGRmAAATAAEvAAAVAAIADP//AAAACAANABoAJABRAAAAAAAAAgEAAAAAAAAABQAAAAAAAAAAAAAAAAAAAdM=}}

@book{anderson:2018,
	Address = {Toronto},
	Author = {Anderson, Catherine},
	Booktitle = {Essentials of linguistics},
	Date-Added = {2020-04-23 09:56:56 -0700},
	Date-Modified = {2020-04-23 09:56:56 -0700},
	Keywords = {Textbooks},
	Publisher = {eCampus Ontario},
	Title = {Essentials of linguistics},
	Url = {https://ecampusontario.pressbooks.pub/essentialsoflinguistics/},
	Year = {2018},
	Bdsk-File-1 = {YnBsaXN0MDDSAQIDBFxyZWxhdGl2ZVBhdGhZYWxpYXNEYXRhXxAlLi4vLi4vLi4vLi4vRGVza3RvcC9BbmRlcnNvbiAyMDE4LnBkZk8RAU4AAAAAAU4AAgAADE1hY2ludG9zaCBIRAAAAAAAAAAAAAAAAAAAAAAAAABCRAAB/////xFBbmRlcnNvbiAyMDE4LnBkZgAAAAAAAAAAAAAAAAAAAAAAAAAAAAAAAAAAAAAAAAAAAAAAAAAAAAAAAAAAAAD/////AAAAAAAAAAAAAAAAAAQAAgAACiBjdQAAAAAAAAAAAAAAAAAHRGVza3RvcAAAAgAnLzpVc2VyczpqYW1lczpEZXNrdG9wOkFuZGVyc29uIDIwMTgucGRmAAAOACQAEQBBAG4AZABlAHIAcwBvAG4AIAAyADAAMQA4AC4AcABkAGYADwAaAAwATQBhAGMAaQBuAHQAbwBzAGgAIABIAEQAEgAlVXNlcnMvamFtZXMvRGVza3RvcC9BbmRlcnNvbiAyMDE4LnBkZgAAEwABLwAAFQACAAz//wAAAAgADQAaACQATAAAAAAAAAIBAAAAAAAAAAUAAAAAAAAAAAAAAAAAAAGe}}

@book{yule:2010,
	Address = {Cambridge},
	Author = {Yule, George},
	Booktitle = {The study of language},
	Date-Added = {2020-04-23 09:43:51 -0700},
	Date-Modified = {2020-04-23 09:43:51 -0700},
	Isbn = {978-0-521-76527-5},
	Keywords = {Textbooks},
	Library = {P107.Y85 2010},
	Publisher = {Cambridge University Press},
	Title = {The study of language},
	Year = {2010},
	Bdsk-File-1 = {YnBsaXN0MDDSAQIDBFxyZWxhdGl2ZVBhdGhZYWxpYXNEYXRhXxAhLi4vLi4vLi4vTGl0ZXJhdHVyZS9ZdWxlIDIwMTAucGRmTxEBWAAAAAABWAACAAAMTWFjaW50b3NoIEhEAAAAAAAAAAAAAAAAAAAAAAAAAEJEAAH/////DVl1bGUgMjAxMC5wZGYAAAAAAAAAAAAAAAAAAAAAAAAAAAAAAAAAAAAAAAAAAAAAAAAAAAAAAAAAAAAAAAAAAP////8AAAAAAAAAAAAAAAAAAwACAAAKIGN1AAAAAAAAAAAAAAAAAApMaXRlcmF0dXJlAAIAMC86VXNlcnM6amFtZXM6RG9jdW1lbnRzOkxpdGVyYXR1cmU6WXVsZSAyMDEwLnBkZgAOABwADQBZAHUAbABlACAAMgAwADEAMAAuAHAAZABmAA8AGgAMAE0AYQBjAGkAbgB0AG8AcwBoACAASABEABIALlVzZXJzL2phbWVzL0RvY3VtZW50cy9MaXRlcmF0dXJlL1l1bGUgMjAxMC5wZGYAEwABLwAAFQACAAz//wAAAAgADQAaACQASAAAAAAAAAIBAAAAAAAAAAUAAAAAAAAAAAAAAAAAAAGk}}

@incollection{szabo:2017,
	Address = {Stanford, CA},
	Author = {Szabó, Zoltán Gendler},
	Booktitle = {The Stanford Encyclopedia of Philosophy},
	Date-Added = {2020-04-22 12:50:59 -0700},
	Date-Modified = {2020-04-22 12:50:59 -0700},
	Edition = {Summer 2017},
	Editor = {Zalta, Edward N.},
	Keywords = {Philosophy - Language; Philosophy - Language - Semantics; Semantics - Compositionality},
	Publisher = {CSLI Publications},
	Title = {Compositionality},
	Url = {https://plato.stanford.edu/archives/sum2017/entries/compositionality/},
	Year = {2017},
	Bdsk-File-1 = {YnBsaXN0MDDSAQIDBFxyZWxhdGl2ZVBhdGhZYWxpYXNEYXRhbxAjAC4ALgAvAC4ALgAvAC4ALgAvAC4ALgAvAEQAZQBzAGsAdABvAHAALwBTAHoAYQBiAG8DAQAgADIAMAAxADcALgBwAGQAZk8RAUYAAAAAAUYAAgAADE1hY2ludG9zaCBIRAAAAAAAAAAAAAAAAAAAAAAAAABCRAAB/////w5TemFilyAyMDE3LnBkZgAAAAAAAAAAAAAAAAAAAAAAAAAAAAAAAAAAAAAAAAAAAAAAAAAAAAAAAAAAAAAAAAD/////AAAAAAAAAAAAAAAAAAQAAgAACiBjdQAAAAAAAAAAAAAAAAAHRGVza3RvcAAAAgAmLzpVc2VyczpqYW1lczpEZXNrdG9wOlN6YWJvzIEgMjAxNy5wZGYADgAgAA8AUwB6AGEAYgBvAwEAIAAyADAAMQA3AC4AcABkAGYADwAaAAwATQBhAGMAaQBuAHQAbwBzAGgAIABIAEQAEgAkVXNlcnMvamFtZXMvRGVza3RvcC9TemFib8yBIDIwMTcucGRmABMAAS8AABUAAgAM//8AAAAIAA0AGgAkAG0AAAAAAAACAQAAAAAAAAAFAAAAAAAAAAAAAAAAAAABtw==}}

@book{booij:2007,
	Address = {Oxford},
	Author = {Booij, Gert},
	Booktitle = {The grammar of words: An introduction to linguistic morphology},
	Date-Added = {2020-04-17 11:37:42 -0700},
	Date-Modified = {2020-04-17 11:37:42 -0700},
	Edition = {2},
	Isbn = {978-0-19-922624-5},
	Keywords = {Textbooks; Morphology; Morphology - Theory},
	Publisher = {Oxford University Press},
	Series = {Oxford textbooks in linguistics},
	Title = {The grammar of words: An introduction to linguistic morphology},
	Year = {2007},
	Bdsk-File-1 = {YnBsaXN0MDDSAQIDBFxyZWxhdGl2ZVBhdGhZYWxpYXNEYXRhXxAiLi4vLi4vLi4vTGl0ZXJhdHVyZS9Cb29paiAyMDA3LnBkZk8RAV4AAAAAAV4AAgAADE1hY2ludG9zaCBIRAAAAAAAAAAAAAAAAAAAAAAAAABCRAAB/////w5Cb29paiAyMDA3LnBkZgAAAAAAAAAAAAAAAAAAAAAAAAAAAAAAAAAAAAAAAAAAAAAAAAAAAAAAAAAAAAAAAAD/////AAAAAAAAAAAAAAAAAAMAAgAACiBjdQAAAAAAAAAAAAAAAAAKTGl0ZXJhdHVyZQACADEvOlVzZXJzOmphbWVzOkRvY3VtZW50czpMaXRlcmF0dXJlOkJvb2lqIDIwMDcucGRmAAAOAB4ADgBCAG8AbwBpAGoAIAAyADAAMAA3AC4AcABkAGYADwAaAAwATQBhAGMAaQBuAHQAbwBzAGgAIABIAEQAEgAvVXNlcnMvamFtZXMvRG9jdW1lbnRzL0xpdGVyYXR1cmUvQm9vaWogMjAwNy5wZGYAABMAAS8AABUAAgAM//8AAAAIAA0AGgAkAEkAAAAAAAACAQAAAAAAAAAFAAAAAAAAAAAAAAAAAAABqw==}}

@article{hockett:1960,
	Author = {Hockett, Charles F.},
	Date-Added = {2020-04-08 17:02:48 -0700},
	Date-Modified = {2020-04-08 17:02:48 -0700},
	Eprint = {24940617},
	Eprinttype = {jstor},
	Issn = {0036-8733},
	Journal = {Scientific American},
	Keywords = {Anthropology - Language; Anthropology - Language; Biology - Language},
	Number = {3},
	Pages = {88-97},
	Title = {The origin of speech},
	Volume = {203},
	Year = {1960},
	Bdsk-File-1 = {YnBsaXN0MDDSAQIDBFxyZWxhdGl2ZVBhdGhZYWxpYXNEYXRhXxAkLi4vLi4vLi4vTGl0ZXJhdHVyZS9Ib2NrZXR0IDE5NjAucGRmTxEBZgAAAAABZgACAAAMTWFjaW50b3NoIEhEAAAAAAAAAAAAAAAAAAAAAAAAAEJEAAH/////EEhvY2tldHQgMTk2MC5wZGYAAAAAAAAAAAAAAAAAAAAAAAAAAAAAAAAAAAAAAAAAAAAAAAAAAAAAAAAAAAAAAP////8AAAAAAAAAAAAAAAAAAwACAAAKIGN1AAAAAAAAAAAAAAAAAApMaXRlcmF0dXJlAAIAMy86VXNlcnM6amFtZXM6RG9jdW1lbnRzOkxpdGVyYXR1cmU6SG9ja2V0dCAxOTYwLnBkZgAADgAiABAASABvAGMAawBlAHQAdAAgADEAOQA2ADAALgBwAGQAZgAPABoADABNAGEAYwBpAG4AdABvAHMAaAAgAEgARAASADFVc2Vycy9qYW1lcy9Eb2N1bWVudHMvTGl0ZXJhdHVyZS9Ib2NrZXR0IDE5NjAucGRmAAATAAEvAAAVAAIADP//AAAACAANABoAJABLAAAAAAAAAgEAAAAAAAAABQAAAAAAAAAAAAAAAAAAAbU=}}

@book{smith:1997,
	Address = {Dordrecht},
	Author = {Smith, Carlota S.},
	Booktitle = {The parameter of aspect},
	Date-Added = {2020-04-08 16:36:26 -0700},
	Date-Modified = {2020-04-08 16:36:26 -0700},
	Doi = {10.1007/978-94-011-5606-6},
	Edition = {2},
	Isbn = {0-7923-4657-2},
	Keywords = {Syntax - Aspect; Semantics - Aspect; Semantics - Aspect - Situation; Syntax - Aspect - Viewpoint; Semantics - Theory - Discourse Representation Theory; Language - French; Family - Romance; Language - Russian; Family - Slavic; Language - Mandarin; Family - Chinese; Language - Navajo; Family - Dene - Southern; Family - Dene; Family - Na-Dene},
	Library = {P281.S57 1997},
	Publisher = {Kluwer Academic Publishers},
	Series = {Studies in linguistics and philosophy},
	Title = {The parameter of aspect},
	Volume = {43},
	Year = {1997},
	Bdsk-File-1 = {YnBsaXN0MDDSAQIDBFxyZWxhdGl2ZVBhdGhZYWxpYXNEYXRhXxAiLi4vLi4vLi4vTGl0ZXJhdHVyZS9TbWl0aCAxOTk3LnBkZk8RAV4AAAAAAV4AAgAADE1hY2ludG9zaCBIRAAAAAAAAAAAAAAAAAAAAAAAAABCRAAB/////w5TbWl0aCAxOTk3LnBkZgAAAAAAAAAAAAAAAAAAAAAAAAAAAAAAAAAAAAAAAAAAAAAAAAAAAAAAAAAAAAAAAAD/////AAAAAFBERiBDQVJPAAMAAgAACiBjdQAAAAAAAAAAAAAAAAAKTGl0ZXJhdHVyZQACADEvOlVzZXJzOmphbWVzOkRvY3VtZW50czpMaXRlcmF0dXJlOlNtaXRoIDE5OTcucGRmAAAOAB4ADgBTAG0AaQB0AGgAIAAxADkAOQA3AC4AcABkAGYADwAaAAwATQBhAGMAaQBuAHQAbwBzAGgAIABIAEQAEgAvVXNlcnMvamFtZXMvRG9jdW1lbnRzL0xpdGVyYXR1cmUvU21pdGggMTk5Ny5wZGYAABMAAS8AABUAAgAM//8AAAAIAA0AGgAkAEkAAAAAAAACAQAAAAAAAAAFAAAAAAAAAAAAAAAAAAABqw==}}

@book{binnick:1991,
	Address = {Oxford},
	Author = {Binnick, Robert I.},
	Booktitle = {Time and the verb: A guide to tense and aspect},
	Date-Added = {2020-04-08 16:36:08 -0700},
	Date-Modified = {2020-04-08 16:36:08 -0700},
	Isbn = {0-19-506206-X},
	Keywords = {Semantics - Tense; Semantics - Aspect; Semantics - Mood; Semantics - Event structure - Aktionsart},
	Library = {P281.B56 1990},
	Publisher = {Oxford University Press},
	Title = {Time and the verb: A guide to tense and aspect},
	Year = {1991},
	Bdsk-File-1 = {YnBsaXN0MDDSAQIDBFxyZWxhdGl2ZVBhdGhZYWxpYXNEYXRhXxAkLi4vLi4vLi4vTGl0ZXJhdHVyZS9CaW5uaWNrIDE5OTEucGRmTxEBZgAAAAABZgACAAAMTWFjaW50b3NoIEhEAAAAAAAAAAAAAAAAAAAAAAAAAEJEAAH/////EEJpbm5pY2sgMTk5MS5wZGYAAAAAAAAAAAAAAAAAAAAAAAAAAAAAAAAAAAAAAAAAAAAAAAAAAAAAAAAAAAAAAP////8AAAAAAAAAAAAAAAAAAwACAAAKIGN1AAAAAAAAAAAAAAAAAApMaXRlcmF0dXJlAAIAMy86VXNlcnM6amFtZXM6RG9jdW1lbnRzOkxpdGVyYXR1cmU6QmlubmljayAxOTkxLnBkZgAADgAiABAAQgBpAG4AbgBpAGMAawAgADEAOQA5ADEALgBwAGQAZgAPABoADABNAGEAYwBpAG4AdABvAHMAaAAgAEgARAASADFVc2Vycy9qYW1lcy9Eb2N1bWVudHMvTGl0ZXJhdHVyZS9CaW5uaWNrIDE5OTEucGRmAAATAAEvAAAVAAIADP//AAAACAANABoAJABLAAAAAAAAAgEAAAAAAAAABQAAAAAAAAAAAAAAAAAAAbU=}}

@incollection{casati-varzi:2014,
	Address = {Stanford, CA},
	Author = {Casati, Roberto and Varzi, Achille C.},
	Booktitle = {The Stanford Encyclopedia of Philosophy},
	Date-Added = {2020-04-08 16:33:06 -0700},
	Date-Modified = {2020-04-08 16:33:06 -0700},
	Edition = {Fall 2014},
	Editor = {Zalta, Edward N.},
	Keywords = {Semantics - Event structure; Philosophy - Metaphysics; Philosophy - Metaphysics - Events; Philosophy - Language},
	Publisher = {CSLI Publications},
	Title = {Events},
	Url = {http://plato.stanford.edu/archives/fall2014/entries/events/},
	Year = {2014},
	Bdsk-File-1 = {YnBsaXN0MDDSAQIDBFxyZWxhdGl2ZVBhdGhZYWxpYXNEYXRhXxArLi4vLi4vLi4vTGl0ZXJhdHVyZS9DYXNhdGkgJiBWYXJ6aSAyMDE0LnBkZk8RAYAAAAAAAYAAAgAADE1hY2ludG9zaCBIRAAAAAAAAAAAAAAAAAAAAAAAAABCRAAB/////xdDYXNhdGkgJiBWYXJ6aSAyMDE0LnBkZgAAAAAAAAAAAAAAAAAAAAAAAAAAAAAAAAAAAAAAAAAAAAAAAAAAAAD/////AAAAAAAAAAAAAAAAAAMAAgAACiBjdQAAAAAAAAAAAAAAAAAKTGl0ZXJhdHVyZQACADovOlVzZXJzOmphbWVzOkRvY3VtZW50czpMaXRlcmF0dXJlOkNhc2F0aSAmIFZhcnppIDIwMTQucGRmAA4AMAAXAEMAYQBzAGEAdABpACAAJgAgAFYAYQByAHoAaQAgADIAMAAxADQALgBwAGQAZgAPABoADABNAGEAYwBpAG4AdABvAHMAaAAgAEgARAASADhVc2Vycy9qYW1lcy9Eb2N1bWVudHMvTGl0ZXJhdHVyZS9DYXNhdGkgJiBWYXJ6aSAyMDE0LnBkZgATAAEvAAAVAAIADP//AAAACAANABoAJABSAAAAAAAAAgEAAAAAAAAABQAAAAAAAAAAAAAAAAAAAdY=}}

@incollection{kratzer:2019,
	Address = {Stanford, CA},
	Author = {Kratzer, Angelika},
	Booktitle = {The Stanford Encyclopedia of Philosophy},
	Date-Added = {2020-04-08 16:27:46 -0700},
	Date-Modified = {2020-04-08 16:27:46 -0700},
	Edition = {Summer 2019},
	Editor = {Zalta, Edward N.},
	Keywords = {Philosophy - Language; Semantics - Theory - Situation semantics; Semantics - Event structure - Situations; Semantics - Theory - Event semantics},
	Publisher = {CSLI Publications},
	Title = {Situations in natural language semantics},
	Url = {http://plato.stanford.edu/archives/sum2019/entries/situations-semantics/},
	Year = {2019},
	Bdsk-File-1 = {YnBsaXN0MDDSAQIDBFxyZWxhdGl2ZVBhdGhZYWxpYXNEYXRhXxAkLi4vLi4vLi4vTGl0ZXJhdHVyZS9LcmF0emVyIDIwMTkucGRmTxEBZgAAAAABZgACAAAMTWFjaW50b3NoIEhEAAAAAAAAAAAAAAAAAAAAAAAAAEJEAAH/////EEtyYXR6ZXIgMjAxOS5wZGYAAAAAAAAAAAAAAAAAAAAAAAAAAAAAAAAAAAAAAAAAAAAAAAAAAAAAAAAAAAAAAP////8AAAAAAAAAAAAAAAAAAwACAAAKIGN1AAAAAAAAAAAAAAAAAApMaXRlcmF0dXJlAAIAMy86VXNlcnM6amFtZXM6RG9jdW1lbnRzOkxpdGVyYXR1cmU6S3JhdHplciAyMDE5LnBkZgAADgAiABAASwByAGEAdAB6AGUAcgAgADIAMAAxADkALgBwAGQAZgAPABoADABNAGEAYwBpAG4AdABvAHMAaAAgAEgARAASADFVc2Vycy9qYW1lcy9Eb2N1bWVudHMvTGl0ZXJhdHVyZS9LcmF0emVyIDIwMTkucGRmAAATAAEvAAAVAAIADP//AAAACAANABoAJABLAAAAAAAAAgEAAAAAAAAABQAAAAAAAAAAAAAAAAAAAbU=}}

@incollection{steen:2016,
	Address = {Stanford, CA},
	Author = {Steen, Mark},
	Booktitle = {The Stanford Encyclopedia of Philosophy},
	Date-Added = {2020-04-08 15:42:56 -0700},
	Date-Modified = {2020-04-08 15:42:56 -0700},
	Edition = {Winter 2016},
	Editor = {Zalta, Edward N.},
	Keywords = {Semantics - Mass-count; Semantics - Entities; Philosophy - Metaphysics - Entities; Philosophy - Metaphysics - Mereology},
	Publisher = {CSLI Publications},
	Title = {The metaphysics of mass expressions},
	Url = {http://plato.stanford.edu/archives/win2016/entries/metaphysics-massexpress/},
	Year = {2016},
	Bdsk-File-1 = {YnBsaXN0MDDSAQIDBFxyZWxhdGl2ZVBhdGhZYWxpYXNEYXRhXxAiLi4vLi4vLi4vTGl0ZXJhdHVyZS9TdGVlbiAyMDE2LnBkZk8RAV4AAAAAAV4AAgAADE1hY2ludG9zaCBIRAAAAAAAAAAAAAAAAAAAAAAAAABCRAAB/////w5TdGVlbiAyMDE2LnBkZgAAAAAAAAAAAAAAAAAAAAAAAAAAAAAAAAAAAAAAAAAAAAAAAAAAAAAAAAAAAAAAAAD/////AAAAAAAAAAAAAAAAAAMAAgAACiBjdQAAAAAAAAAAAAAAAAAKTGl0ZXJhdHVyZQACADEvOlVzZXJzOmphbWVzOkRvY3VtZW50czpMaXRlcmF0dXJlOlN0ZWVuIDIwMTYucGRmAAAOAB4ADgBTAHQAZQBlAG4AIAAyADAAMQA2AC4AcABkAGYADwAaAAwATQBhAGMAaQBuAHQAbwBzAGgAIABIAEQAEgAvVXNlcnMvamFtZXMvRG9jdW1lbnRzL0xpdGVyYXR1cmUvU3RlZW4gMjAxNi5wZGYAABMAAS8AABUAAgAM//8AAAAIAA0AGgAkAEkAAAAAAAACAQAAAAAAAAAFAAAAAAAAAAAAAAAAAAABqw==}}

@incollection{nicolas:2018,
	Address = {Stanford, CA},
	Author = {Nicolas, David},
	Booktitle = {The Stanford Encyclopedia of Philosophy},
	Date-Added = {2020-04-08 15:42:56 -0700},
	Date-Modified = {2020-04-08 15:42:56 -0700},
	Edition = {Winter 2018},
	Editor = {Zalta, Edward N.},
	Keywords = {Semantics - Mass-count; Semantics - Entities; Philosophy - Metaphysics - Entities; Philosophy - Metaphysics - Mereology},
	Publisher = {CSLI Publications},
	Title = {The logic of mass expressions},
	Url = {http://plato.stanford.edu/archives/win2018/entries/logic-massexperss/},
	Year = {2018},
	Bdsk-File-1 = {YnBsaXN0MDDSAQIDBFxyZWxhdGl2ZVBhdGhZYWxpYXNEYXRhXxAkLi4vLi4vLi4vTGl0ZXJhdHVyZS9OaWNvbGFzIDIwMTgucGRmTxEBZgAAAAABZgACAAAMTWFjaW50b3NoIEhEAAAAAAAAAAAAAAAAAAAAAAAAAEJEAAH/////EE5pY29sYXMgMjAxOC5wZGYAAAAAAAAAAAAAAAAAAAAAAAAAAAAAAAAAAAAAAAAAAAAAAAAAAAAAAAAAAAAAAP////8AAAAAAAAAAAAAAAAAAwACAAAKIGN1AAAAAAAAAAAAAAAAAApMaXRlcmF0dXJlAAIAMy86VXNlcnM6amFtZXM6RG9jdW1lbnRzOkxpdGVyYXR1cmU6Tmljb2xhcyAyMDE4LnBkZgAADgAiABAATgBpAGMAbwBsAGEAcwAgADIAMAAxADgALgBwAGQAZgAPABoADABNAGEAYwBpAG4AdABvAHMAaAAgAEgARAASADFVc2Vycy9qYW1lcy9Eb2N1bWVudHMvTGl0ZXJhdHVyZS9OaWNvbGFzIDIwMTgucGRmAAATAAEvAAAVAAIADP//AAAACAANABoAJABLAAAAAAAAAgEAAAAAAAAABQAAAAAAAAAAAAAAAAAAAbU=}}

@book{blake:2001,
	Address = {Cambridge, Eng.},
	Author = {Blake, Barry J.},
	Booktitle = {Case},
	Date-Added = {2020-04-06 14:07:48 -0700},
	Date-Modified = {2020-04-06 14:07:48 -0700},
	Edition = {2},
	Isbn = {0-521-80761-1},
	Keywords = {Syntax - Case; Morphology - Case; Textbooks},
	Library = {P240.6.B57 2001},
	Publisher = {Cambridge University Press},
	Series = {Cambridge textbooks in linguistics},
	Title = {Case},
	Year = {2001},
	Bdsk-File-1 = {YnBsaXN0MDDSAQIDBFxyZWxhdGl2ZVBhdGhZYWxpYXNEYXRhXxAiLi4vLi4vLi4vTGl0ZXJhdHVyZS9CbGFrZSAyMDAxLnBkZk8RAV4AAAAAAV4AAgAADE1hY2ludG9zaCBIRAAAAAAAAAAAAAAAAAAAAAAAAABCRAAB/////w5CbGFrZSAyMDAxLnBkZgAAAAAAAAAAAAAAAAAAAAAAAAAAAAAAAAAAAAAAAAAAAAAAAAAAAAAAAAAAAAAAAAD/////AAAAAAAAAAAAAAAAAAMAAgAACiBjdQAAAAAAAAAAAAAAAAAKTGl0ZXJhdHVyZQACADEvOlVzZXJzOmphbWVzOkRvY3VtZW50czpMaXRlcmF0dXJlOkJsYWtlIDIwMDEucGRmAAAOAB4ADgBCAGwAYQBrAGUAIAAyADAAMAAxAC4AcABkAGYADwAaAAwATQBhAGMAaQBuAHQAbwBzAGgAIABIAEQAEgAvVXNlcnMvamFtZXMvRG9jdW1lbnRzL0xpdGVyYXR1cmUvQmxha2UgMjAwMS5wZGYAABMAAS8AABUAAgAM//8AAAAIAA0AGgAkAEkAAAAAAAACAQAAAAAAAAAFAAAAAAAAAAAAAAAAAAABqw==}}

@book{levin-rappaport-hovav:2005,
	Author = {Levin, Beth and Rappaport Hovav, Malka},
	Booktitle = {Argument realization},
	Date-Added = {2020-04-06 13:45:50 -0700},
	Date-Modified = {2020-04-06 13:45:50 -0700},
	Isbn = {978-0-521-66331-1},
	Keywords = {Syntax - Argument structure; Syntax - Thematic roles; Semantics - Lexical semantics; Semantics - Thematic roles; Textbooks},
	Library = {P281.L478 2005},
	Publisher = {Cambridge University Press},
	Series = {Research surveys in linguistics},
	Title = {Argument realization},
	Year = {2005},
	Bdsk-File-1 = {YnBsaXN0MDDSAQIDBFxyZWxhdGl2ZVBhdGhZYWxpYXNEYXRhXxA0Li4vLi4vLi4vTGl0ZXJhdHVyZS9MZXZpbiAmIFJhcHBhcG9ydCBIb3ZhdiAyMDA1LnBkZk8RAaYAAAAAAaYAAgAADE1hY2ludG9zaCBIRAAAAAAAAAAAAAAAAAAAAAAAAABCRAAB/////x9MZXZpbiAmIFJhcHBhcG9ydCAjRkZGRkZGRkYucGRmAAAAAAAAAAAAAAAAAAAAAAAAAAAAAAAAAAAAAAAAAAD/////AAAAAAAAAAAAAAAAAAMAAgAACiBjdQAAAAAAAAAAAAAAAAAKTGl0ZXJhdHVyZQACAEMvOlVzZXJzOmphbWVzOkRvY3VtZW50czpMaXRlcmF0dXJlOkxldmluICYgUmFwcGFwb3J0IEhvdmF2IDIwMDUucGRmAAAOAEIAIABMAGUAdgBpAG4AIAAmACAAUgBhAHAAcABhAHAAbwByAHQAIABIAG8AdgBhAHYAIAAyADAAMAA1AC4AcABkAGYADwAaAAwATQBhAGMAaQBuAHQAbwBzAGgAIABIAEQAEgBBVXNlcnMvamFtZXMvRG9jdW1lbnRzL0xpdGVyYXR1cmUvTGV2aW4gJiBSYXBwYXBvcnQgSG92YXYgMjAwNS5wZGYAABMAAS8AABUAAgAM//8AAAAIAA0AGgAkAFsAAAAAAAACAQAAAAAAAAAFAAAAAAAAAAAAAAAAAAACBQ==}}

@unpublished{levin:2019,
	Author = {Levin, Beth},
	Date-Added = {2020-04-06 12:50:57 -0700},
	Date-Modified = {2020-04-06 12:50:57 -0700},
	Keywords = {Semantics - Thematic roles},
	Note = {Unpublished manuscript},
	Title = {On Dowty’s ‘Thematic proto-roles and argument selection’},
	Url = {http://web.stanford.edu/~bclevin/dowty19fin.pdf},
	Year = {2019},
	Bdsk-File-1 = {YnBsaXN0MDDSAQIDBFxyZWxhdGl2ZVBhdGhZYWxpYXNEYXRhXxAiLi4vLi4vLi4vTGl0ZXJhdHVyZS9MZXZpbiAyMDE5LnBkZk8RAV4AAAAAAV4AAgAADE1hY2ludG9zaCBIRAAAAAAAAAAAAAAAAAAAAAAAAABCRAAB/////w5MZXZpbiAyMDE5LnBkZgAAAAAAAAAAAAAAAAAAAAAAAAAAAAAAAAAAAAAAAAAAAAAAAAAAAAAAAAAAAAAAAAD/////AAAAAAAAAAAAAAAAAAMAAgAACiBjdQAAAAAAAAAAAAAAAAAKTGl0ZXJhdHVyZQACADEvOlVzZXJzOmphbWVzOkRvY3VtZW50czpMaXRlcmF0dXJlOkxldmluIDIwMTkucGRmAAAOAB4ADgBMAGUAdgBpAG4AIAAyADAAMQA5AC4AcABkAGYADwAaAAwATQBhAGMAaQBuAHQAbwBzAGgAIABIAEQAEgAvVXNlcnMvamFtZXMvRG9jdW1lbnRzL0xpdGVyYXR1cmUvTGV2aW4gMjAxOS5wZGYAABMAAS8AABUAAgAM//8AAAAIAA0AGgAkAEkAAAAAAAACAQAAAAAAAAAFAAAAAAAAAAAAAAAAAAABqw==}}

@article{dowty:1991,
	Author = {Dowty, David R.},
	Date-Added = {2020-04-05 14:43:33 -0700},
	Date-Modified = {2020-04-05 14:43:33 -0700},
	Doi = {10.1353/lan.1991.0021},
	Issn = {0097-8507},
	Journal = {Language},
	Keywords = {Semantics - Thematic roles; Semantics - Argument structure - Valency; Philosophy - Language},
	Number = {3},
	Pages = {547-619},
	Title = {Thematic proto-roles and argument selection},
	Volume = {67},
	Year = {1991},
	Bdsk-File-1 = {YnBsaXN0MDDSAQIDBFxyZWxhdGl2ZVBhdGhZYWxpYXNEYXRhXxAiLi4vLi4vLi4vTGl0ZXJhdHVyZS9Eb3d0eSAxOTkxLnBkZk8RAV4AAAAAAV4AAgAADE1hY2ludG9zaCBIRAAAAAAAAAAAAAAAAAAAAAAAAABCRAAB/////w5Eb3d0eSAxOTkxLnBkZgAAAAAAAAAAAAAAAAAAAAAAAAAAAAAAAAAAAAAAAAAAAAAAAAAAAAAAAAAAAAAAAAD/////AAAAAAAAAAAAAAAAAAMAAgAACiBjdQAAAAAAAAAAAAAAAAAKTGl0ZXJhdHVyZQACADEvOlVzZXJzOmphbWVzOkRvY3VtZW50czpMaXRlcmF0dXJlOkRvd3R5IDE5OTEucGRmAAAOAB4ADgBEAG8AdwB0AHkAIAAxADkAOQAxAC4AcABkAGYADwAaAAwATQBhAGMAaQBuAHQAbwBzAGgAIABIAEQAEgAvVXNlcnMvamFtZXMvRG9jdW1lbnRzL0xpdGVyYXR1cmUvRG93dHkgMTk5MS5wZGYAABMAAS8AABUAAgAM//8AAAAIAA0AGgAkAEkAAAAAAAACAQAAAAAAAAAFAAAAAAAAAAAAAAAAAAABqw==}}

@incollection{dowty:1989,
	Author = {Dowty, David R.},
	Crossref = {chierchia-partee-turner:1989},
	Date-Added = {2020-04-05 14:43:33 -0700},
	Date-Modified = {2020-04-05 14:43:33 -0700},
	Keywords = {Semantics - Thematic roles; Philosophy - Language},
	Pages = {69-129},
	Title = {On the semantic content of the notion ‘thematic role’},
	Bdsk-File-1 = {YnBsaXN0MDDSAQIDBFxyZWxhdGl2ZVBhdGhZYWxpYXNEYXRhXxA2Li4vLi4vLi4vTGl0ZXJhdHVyZS9DaGllcmNoaWEsIFBhcnRlZSwgVHVybmVyIDE5ODkucGRmTxEBrgAAAAABrgACAAAMTWFjaW50b3NoIEhEAAAAAAAAAAAAAAAAAAAAAAAAAEJEAAH/////H0NoaWVyY2hpYSwgUGFydGVlLCNGRkZGRkZGRi5wZGYAAAAAAAAAAAAAAAAAAAAAAAAAAAAAAAAAAAAAAAAAAP////8AAAAAAAAAAAAAAAAAAwACAAAKIGN1AAAAAAAAAAAAAAAAAApMaXRlcmF0dXJlAAIARS86VXNlcnM6amFtZXM6RG9jdW1lbnRzOkxpdGVyYXR1cmU6Q2hpZXJjaGlhLCBQYXJ0ZWUsIFR1cm5lciAxOTg5LnBkZgAADgBGACIAQwBoAGkAZQByAGMAaABpAGEALAAgAFAAYQByAHQAZQBlACwAIABUAHUAcgBuAGUAcgAgADEAOQA4ADkALgBwAGQAZgAPABoADABNAGEAYwBpAG4AdABvAHMAaAAgAEgARAASAENVc2Vycy9qYW1lcy9Eb2N1bWVudHMvTGl0ZXJhdHVyZS9DaGllcmNoaWEsIFBhcnRlZSwgVHVybmVyIDE5ODkucGRmAAATAAEvAAAVAAIADP//AAAACAANABoAJABdAAAAAAAAAgEAAAAAAAAABQAAAAAAAAAAAAAAAAAAAg8=}}

@article{bach:1986,
	Author = {Bach, Emmon},
	Date-Added = {2020-04-03 15:30:22 -0700},
	Date-Modified = {2020-04-03 15:30:22 -0700},
	Doi = {10.1007/BF00627432},
	Issn = {0165-0157},
	Journal = {Linguistics \& Philosophy},
	Keywords = {Semantics - Event structure; Semantics - Event structure - States; Semantics - Aspect - Lexical; Semantics - Event structure - Aktionsart; Semantics - Number; Semantics - Mass-count; Semantics - Plurality},
	Number = {1},
	Pages = {5-16},
	Title = {The algebra of events},
	Volume = {9},
	Year = {1986},
	Bdsk-File-1 = {YnBsaXN0MDDSAQIDBFxyZWxhdGl2ZVBhdGhZYWxpYXNEYXRhXxAhLi4vLi4vLi4vTGl0ZXJhdHVyZS9CYWNoIDE5ODYucGRmTxEBWAAAAAABWAACAAAMTWFjaW50b3NoIEhEAAAAAAAAAAAAAAAAAAAAAAAAAEJEAAH/////DUJhY2ggMTk4Ni5wZGYAAAAAAAAAAAAAAAAAAAAAAAAAAAAAAAAAAAAAAAAAAAAAAAAAAAAAAAAAAAAAAAAAAP////8AAAAAAAAAAAAAAAAAAwACAAAKIGN1AAAAAAAAAAAAAAAAAApMaXRlcmF0dXJlAAIAMC86VXNlcnM6amFtZXM6RG9jdW1lbnRzOkxpdGVyYXR1cmU6QmFjaCAxOTg2LnBkZgAOABwADQBCAGEAYwBoACAAMQA5ADgANgAuAHAAZABmAA8AGgAMAE0AYQBjAGkAbgB0AG8AcwBoACAASABEABIALlVzZXJzL2phbWVzL0RvY3VtZW50cy9MaXRlcmF0dXJlL0JhY2ggMTk4Ni5wZGYAEwABLwAAFQACAAz//wAAAAgADQAaACQASAAAAAAAAAIBAAAAAAAAAAUAAAAAAAAAAAAAAAAAAAGk}}

@incollection{gilmore:2018,
	Address = {Stanford, CA},
	Author = {Gilmore, Cody},
	Booktitle = {The Stanford Encyclopedia of Philosophy},
	Date-Added = {2020-04-03 14:52:31 -0700},
	Date-Modified = {2020-04-03 14:52:31 -0700},
	Edition = {Fall 2018},
	Editor = {Zalta, Edward N.},
	Keywords = {Philosophy - Metaphysics; Philosophy - Metaphysics - Mereology; Semantics - Spatial},
	Publisher = {CSLI Publications},
	Title = {Location and mereology},
	Url = {http://plato.stanford.edu/archives/fall2018/entries/location-mereology/},
	Year = {2018},
	Bdsk-File-1 = {YnBsaXN0MDDSAQIDBFxyZWxhdGl2ZVBhdGhZYWxpYXNEYXRhXxAkLi4vLi4vLi4vTGl0ZXJhdHVyZS9HaWxtb3JlIDIwMTgucGRmTxEBZgAAAAABZgACAAAMTWFjaW50b3NoIEhEAAAAAAAAAAAAAAAAAAAAAAAAAEJEAAH/////EEdpbG1vcmUgMjAxOC5wZGYAAAAAAAAAAAAAAAAAAAAAAAAAAAAAAAAAAAAAAAAAAAAAAAAAAAAAAAAAAAAAAP////8AAAAAAAAAAAAAAAAAAwACAAAKIGN1AAAAAAAAAAAAAAAAAApMaXRlcmF0dXJlAAIAMy86VXNlcnM6amFtZXM6RG9jdW1lbnRzOkxpdGVyYXR1cmU6R2lsbW9yZSAyMDE4LnBkZgAADgAiABAARwBpAGwAbQBvAHIAZQAgADIAMAAxADgALgBwAGQAZgAPABoADABNAGEAYwBpAG4AdABvAHMAaAAgAEgARAASADFVc2Vycy9qYW1lcy9Eb2N1bWVudHMvTGl0ZXJhdHVyZS9HaWxtb3JlIDIwMTgucGRmAAATAAEvAAAVAAIADP//AAAACAANABoAJABLAAAAAAAAAgEAAAAAAAAABQAAAAAAAAAAAAAAAAAAAbU=}}

@article{casati:2004,
	Author = {Casati, Roberto},
	Date-Added = {2020-04-02 16:47:07 -0700},
	Date-Modified = {2020-04-02 16:47:07 -0700},
	Doi = {10.1111/j.1746-8361.2004.tb00312.x},
	Issn = {0012-2017},
	Journal = {Dialectica},
	Keywords = {Philosophy - Metaphysics; Philosophy - Metaphysics - Entities},
	Number = {3},
	Pages = {383-394},
	Title = {Is the object concept formal?},
	Volume = {58},
	Year = {2004},
	Bdsk-File-1 = {YnBsaXN0MDDSAQIDBFxyZWxhdGl2ZVBhdGhZYWxpYXNEYXRhXxAjLi4vLi4vLi4vTGl0ZXJhdHVyZS9DYXNhdGkgMjAwNC5wZGZPEQFgAAAAAAFgAAIAAAxNYWNpbnRvc2ggSEQAAAAAAAAAAAAAAAAAAAAAAAAAQkQAAf////8PQ2FzYXRpIDIwMDQucGRmAAAAAAAAAAAAAAAAAAAAAAAAAAAAAAAAAAAAAAAAAAAAAAAAAAAAAAAAAAAAAAAA/////wAAAAAAAAAAAAAAAAADAAIAAAogY3UAAAAAAAAAAAAAAAAACkxpdGVyYXR1cmUAAgAyLzpVc2VyczpqYW1lczpEb2N1bWVudHM6TGl0ZXJhdHVyZTpDYXNhdGkgMjAwNC5wZGYADgAgAA8AQwBhAHMAYQB0AGkAIAAyADAAMAA0AC4AcABkAGYADwAaAAwATQBhAGMAaQBuAHQAbwBzAGgAIABIAEQAEgAwVXNlcnMvamFtZXMvRG9jdW1lbnRzL0xpdGVyYXR1cmUvQ2FzYXRpIDIwMDQucGRmABMAAS8AABUAAgAM//8AAAAIAA0AGgAkAEoAAAAAAAACAQAAAAAAAAAFAAAAAAAAAAAAAAAAAAABrg==}}

@article{zucchi:2015,
	Author = {Zucchi, Sandro},
	Date-Added = {2020-04-02 16:11:46 -0700},
	Date-Modified = {2020-04-02 16:11:46 -0700},
	Doi = {10.1146/annurev-linguist-030514-125211},
	Issn = {2333-9691},
	Journal = {Annual Review of Linguistics},
	Keywords = {Semantics - Event structure; Semantics - Event structure - Situations},
	Pages = {85-106},
	Title = {Events and situations},
	Volume = {1},
	Year = {2015},
	Bdsk-File-1 = {YnBsaXN0MDDSAQIDBFxyZWxhdGl2ZVBhdGhZYWxpYXNEYXRhXxAjLi4vLi4vLi4vTGl0ZXJhdHVyZS9adWNjaGkgMjAxNS5wZGZPEQFgAAAAAAFgAAIAAAxNYWNpbnRvc2ggSEQAAAAAAAAAAAAAAAAAAAAAAAAAQkQAAf////8PWnVjY2hpIDIwMTUucGRmAAAAAAAAAAAAAAAAAAAAAAAAAAAAAAAAAAAAAAAAAAAAAAAAAAAAAAAAAAAAAAAA/////wAAAAAAAAAAAAAAAAADAAIAAAogY3UAAAAAAAAAAAAAAAAACkxpdGVyYXR1cmUAAgAyLzpVc2VyczpqYW1lczpEb2N1bWVudHM6TGl0ZXJhdHVyZTpadWNjaGkgMjAxNS5wZGYADgAgAA8AWgB1AGMAYwBoAGkAIAAyADAAMQA1AC4AcABkAGYADwAaAAwATQBhAGMAaQBuAHQAbwBzAGgAIABIAEQAEgAwVXNlcnMvamFtZXMvRG9jdW1lbnRzL0xpdGVyYXR1cmUvWnVjY2hpIDIwMTUucGRmABMAAS8AABUAAgAM//8AAAAIAA0AGgAkAEoAAAAAAAACAQAAAAAAAAAFAAAAAAAAAAAAAAAAAAABrg==}}

@incollection{textor:2016,
	Address = {Stanford, CA},
	Author = {Textor, Mark},
	Booktitle = {The Stanford Encyclopedia of Philosophy},
	Date-Added = {2020-04-02 16:11:21 -0700},
	Date-Modified = {2020-04-02 16:11:21 -0700},
	Edition = {Winter 2016},
	Editor = {Zalta, Edward N.},
	Keywords = {Semantics - Event structure - Situations; Philosophy - Metaphysics; Philosophy - Metaphysics - Events},
	Publisher = {CSLI Publications},
	Title = {States of affairs},
	Url = {http://plato.stanford.edu/archives/win2016/entries/states-of-affairs/},
	Year = {2016},
	Bdsk-File-1 = {YnBsaXN0MDDSAQIDBFxyZWxhdGl2ZVBhdGhZYWxpYXNEYXRhXxAjLi4vLi4vLi4vTGl0ZXJhdHVyZS9UZXh0b3IgMjAxNi5wZGZPEQFgAAAAAAFgAAIAAAxNYWNpbnRvc2ggSEQAAAAAAAAAAAAAAAAAAAAAAAAAQkQAAf////8PVGV4dG9yIDIwMTYucGRmAAAAAAAAAAAAAAAAAAAAAAAAAAAAAAAAAAAAAAAAAAAAAAAAAAAAAAAAAAAAAAAA/////wAAAAAAAAAAAAAAAAADAAIAAAogY3UAAAAAAAAAAAAAAAAACkxpdGVyYXR1cmUAAgAyLzpVc2VyczpqYW1lczpEb2N1bWVudHM6TGl0ZXJhdHVyZTpUZXh0b3IgMjAxNi5wZGYADgAgAA8AVABlAHgAdABvAHIAIAAyADAAMQA2AC4AcABkAGYADwAaAAwATQBhAGMAaQBuAHQAbwBzAGgAIABIAEQAEgAwVXNlcnMvamFtZXMvRG9jdW1lbnRzL0xpdGVyYXR1cmUvVGV4dG9yIDIwMTYucGRmABMAAS8AABUAAgAM//8AAAAIAA0AGgAkAEoAAAAAAAACAQAAAAAAAAAFAAAAAAAAAAAAAAAAAAABrg==}}

@incollection{maienborn:2011,
	Author = {Maienborn, Claudia},
	Chapter = {34},
	Crossref = {maienborn-vonheusinger-portner:2011-1},
	Date-Added = {2020-04-02 16:10:37 -0700},
	Date-Modified = {2020-04-02 16:10:37 -0700},
	Keywords = {Semantics - Theory - Event semantics; Semantics - Event structure},
	Title = {Event semantics},
	Bdsk-File-1 = {YnBsaXN0MDDSAQIDBFxyZWxhdGl2ZVBhdGhZYWxpYXNEYXRhXxBBLi4vLi4vLi4vTGl0ZXJhdHVyZS9NYWllbmJvcm4sIHZvbiBIZXVzaW5nZXIsIFBvcnRuZXIgdjEgMjAxMS5wZGZPEQHYAAAAAAHYAAIAAAxNYWNpbnRvc2ggSEQAAAAAAAAAAAAAAAAAAAAAAAAAQkQAAf////8fTWFpZW5ib3JuLCB2b24gSGV1I0ZGRkZGRkZGLnBkZgAAAAAAAAAAAAAAAAAAAAAAAAAAAAAAAAAAAAAAAAAA/////wAAAAAAAAAAAAAAAAADAAIAAAogY3UAAAAAAAAAAAAAAAAACkxpdGVyYXR1cmUAAgBQLzpVc2VyczpqYW1lczpEb2N1bWVudHM6TGl0ZXJhdHVyZTpNYWllbmJvcm4sIHZvbiBIZXVzaW5nZXIsIFBvcnRuZXIgdjEgMjAxMS5wZGYADgBcAC0ATQBhAGkAZQBuAGIAbwByAG4ALAAgAHYAbwBuACAASABlAHUAcwBpAG4AZwBlAHIALAAgAFAAbwByAHQAbgBlAHIAIAB2ADEAIAAyADAAMQAxAC4AcABkAGYADwAaAAwATQBhAGMAaQBuAHQAbwBzAGgAIABIAEQAEgBOVXNlcnMvamFtZXMvRG9jdW1lbnRzL0xpdGVyYXR1cmUvTWFpZW5ib3JuLCB2b24gSGV1c2luZ2VyLCBQb3J0bmVyIHYxIDIwMTEucGRmABMAAS8AABUAAgAM//8AAAAIAA0AGgAkAGgAAAAAAAACAQAAAAAAAAAFAAAAAAAAAAAAAAAAAAACRA==}}

@incollection{higginbotham:2000,
	Author = {Higginbotham, James},
	Chapter = {2},
	Crossref = {higginbotham-pianesi-varzi:2000},
	Date-Added = {2020-04-02 16:09:50 -0700},
	Date-Modified = {2020-04-02 16:09:50 -0700},
	Keywords = {Semantics - Event structure; Semantics - Theory - Montague grammar; Semantics - Nominalization; Semantics - Argument structure - Causative; Semantics - Inchoativity; Semantics - Theory - Event semantics},
	Pages = {49-79},
	Title = {On events in linguistic semantics},
	Bdsk-File-1 = {YnBsaXN0MDDSAQIDBFxyZWxhdGl2ZVBhdGhZYWxpYXNEYXRhXxA5Li4vLi4vLi4vTGl0ZXJhdHVyZS9IaWdnaW5ib3RoYW0sIFBpYW5lc2ksIFZhcnppIDIwMDAucGRmTxEBuAAAAAABuAACAAAMTWFjaW50b3NoIEhEAAAAAAAAAAAAAAAAAAAAAAAAAEJEAAH/////H0hpZ2dpbmJvdGhhbSwgUGlhbiNGRkZGRkZGRi5wZGYAAAAAAAAAAAAAAAAAAAAAAAAAAAAAAAAAAAAAAAAAAP////8AAAAAAAAAAAAAAAAAAwACAAAKIGN1AAAAAAAAAAAAAAAAAApMaXRlcmF0dXJlAAIASC86VXNlcnM6amFtZXM6RG9jdW1lbnRzOkxpdGVyYXR1cmU6SGlnZ2luYm90aGFtLCBQaWFuZXNpLCBWYXJ6aSAyMDAwLnBkZgAOAEwAJQBIAGkAZwBnAGkAbgBiAG8AdABoAGEAbQAsACAAUABpAGEAbgBlAHMAaQAsACAAVgBhAHIAegBpACAAMgAwADAAMAAuAHAAZABmAA8AGgAMAE0AYQBjAGkAbgB0AG8AcwBoACAASABEABIARlVzZXJzL2phbWVzL0RvY3VtZW50cy9MaXRlcmF0dXJlL0hpZ2dpbmJvdGhhbSwgUGlhbmVzaSwgVmFyemkgMjAwMC5wZGYAEwABLwAAFQACAAz//wAAAAgADQAaACQAYAAAAAAAAAIBAAAAAAAAAAUAAAAAAAAAAAAAAAAAAAIc}}

@article{montague:1969,
	Author = {Montague, Richard},
	Date-Added = {2020-04-02 16:08:58 -0700},
	Date-Modified = {2020-04-02 16:08:58 -0700},
	Eprint = {27902119},
	Eprinttype = {jstor},
	Issn = {0026-9662},
	Journal = {The Monist},
	Keywords = {Semantics - Event structure; Philosophy - Metaphysics; Philosophy - Metaphysics - Events; Mathematics - Logic - Modal},
	Number = {2},
	Pages = {159-194},
	Title = {On the nature of certain philosophic entities},
	Volume = {53},
	Year = {1969},
	Bdsk-File-1 = {YnBsaXN0MDDSAQIDBFxyZWxhdGl2ZVBhdGhZYWxpYXNEYXRhXxAlLi4vLi4vLi4vTGl0ZXJhdHVyZS9Nb250YWd1ZSAxOTY5LnBkZk8RAWgAAAAAAWgAAgAADE1hY2ludG9zaCBIRAAAAAAAAAAAAAAAAAAAAAAAAABCRAAB/////xFNb250YWd1ZSAxOTY5LnBkZgAAAAAAAAAAAAAAAAAAAAAAAAAAAAAAAAAAAAAAAAAAAAAAAAAAAAAAAAAAAAD/////AAAAAAAAAAAAAAAAAAMAAgAACiBjdQAAAAAAAAAAAAAAAAAKTGl0ZXJhdHVyZQACADQvOlVzZXJzOmphbWVzOkRvY3VtZW50czpMaXRlcmF0dXJlOk1vbnRhZ3VlIDE5NjkucGRmAA4AJAARAE0AbwBuAHQAYQBnAHUAZQAgADEAOQA2ADkALgBwAGQAZgAPABoADABNAGEAYwBpAG4AdABvAHMAaAAgAEgARAASADJVc2Vycy9qYW1lcy9Eb2N1bWVudHMvTGl0ZXJhdHVyZS9Nb250YWd1ZSAxOTY5LnBkZgATAAEvAAAVAAIADP//AAAACAANABoAJABMAAAAAAAAAgEAAAAAAAAABQAAAAAAAAAAAAAAAAAAAbg=}}

@book{heim-kratzer:1998,
	Address = {Malden, MA},
	Author = {Heim, Irene and Kratzer, Angelika},
	Booktitle = {Semantics in generative grammar},
	Date-Added = {2020-04-02 16:04:30 -0700},
	Date-Modified = {2020-04-02 16:04:30 -0700},
	Isbn = {0-631-19712-5},
	Keywords = {Semantics; Semantics - Theory; Textbooks},
	Library = {P325.5.G45H45},
	Number = {13},
	Publisher = {Blackwell},
	Series = {Blackwell textbooks in linguistics},
	Title = {Semantics in generative grammar},
	Year = {1998},
	Bdsk-File-1 = {YnBsaXN0MDDSAQIDBFxyZWxhdGl2ZVBhdGhZYWxpYXNEYXRhXxArLi4vLi4vLi4vTGl0ZXJhdHVyZS9IZWltICYgS3JhdHplciAxOTk4LnBkZk8RAYAAAAAAAYAAAgAADE1hY2ludG9zaCBIRAAAAAAAAAAAAAAAAAAAAAAAAABCRAAB/////xdIZWltICYgS3JhdHplciAxOTk4LnBkZgAAAAAAAAAAAAAAAAAAAAAAAAAAAAAAAAAAAAAAAAAAAAAAAAAAAAD/////AAAAAFBERiAAAAAAAAMAAgAACiBjdQAAAAAAAAAAAAAAAAAKTGl0ZXJhdHVyZQACADovOlVzZXJzOmphbWVzOkRvY3VtZW50czpMaXRlcmF0dXJlOkhlaW0gJiBLcmF0emVyIDE5OTgucGRmAA4AMAAXAEgAZQBpAG0AIAAmACAASwByAGEAdAB6AGUAcgAgADEAOQA5ADgALgBwAGQAZgAPABoADABNAGEAYwBpAG4AdABvAHMAaAAgAEgARAASADhVc2Vycy9qYW1lcy9Eb2N1bWVudHMvTGl0ZXJhdHVyZS9IZWltICYgS3JhdHplciAxOTk4LnBkZgATAAEvAAAVAAIADP//AAAACAANABoAJABSAAAAAAAAAgEAAAAAAAAABQAAAAAAAAAAAAAAAAAAAdY=}}

@incollection{smith:2012,
	Author = {Smith, Carlota S.},
	Chapter = {97},
	Crossref = {maienborn-vonheusinger-portner:2012},
	Date-Added = {2020-04-02 15:53:33 -0700},
	Date-Modified = {2020-04-02 15:53:33 -0700},
	Keywords = {Semantics - Tense; Semantics - Aspect},
	Pages = {2581-2608},
	Title = {Tense and aspect: Time across languages},
	Bdsk-File-1 = {YnBsaXN0MDDSAQIDBFxyZWxhdGl2ZVBhdGhZYWxpYXNEYXRhXxBBLi4vLi4vLi4vTGl0ZXJhdHVyZS9NYWllbmJvcm4sIHZvbiBIZXVzaW5nZXIsIFBvcnRuZXIgdjMgMjAxMi5wZGZPEQHYAAAAAAHYAAIAAAxNYWNpbnRvc2ggSEQAAAAAAAAAAAAAAAAAAAAAAAAAQkQAAf////8fTWFpZW5ib3JuLCB2b24gSGV1I0ZGRkZGRkZGLnBkZgAAAAAAAAAAAAAAAAAAAAAAAAAAAAAAAAAAAAAAAAAA/////wAAAAAAAAAAAAAAAAADAAIAAAogY3UAAAAAAAAAAAAAAAAACkxpdGVyYXR1cmUAAgBQLzpVc2VyczpqYW1lczpEb2N1bWVudHM6TGl0ZXJhdHVyZTpNYWllbmJvcm4sIHZvbiBIZXVzaW5nZXIsIFBvcnRuZXIgdjMgMjAxMi5wZGYADgBcAC0ATQBhAGkAZQBuAGIAbwByAG4ALAAgAHYAbwBuACAASABlAHUAcwBpAG4AZwBlAHIALAAgAFAAbwByAHQAbgBlAHIAIAB2ADMAIAAyADAAMQAyAC4AcABkAGYADwAaAAwATQBhAGMAaQBuAHQAbwBzAGgAIABIAEQAEgBOVXNlcnMvamFtZXMvRG9jdW1lbnRzL0xpdGVyYXR1cmUvTWFpZW5ib3JuLCB2b24gSGV1c2luZ2VyLCBQb3J0bmVyIHYzIDIwMTIucGRmABMAAS8AABUAAgAM//8AAAAIAA0AGgAkAGgAAAAAAAACAQAAAAAAAAAFAAAAAAAAAAAAAAAAAAACRA==}}

@incollection{pederson:2012,
	Author = {Pederson, Eric},
	Chapter = {98},
	Crossref = {maienborn-vonheusinger-portner:2012},
	Date-Added = {2020-04-02 15:53:33 -0700},
	Date-Modified = {2020-04-02 15:53:33 -0700},
	Keywords = {Semantics - Spatial},
	Pages = {2608-2624},
	Title = {The expression of space across languages},
	Bdsk-File-1 = {YnBsaXN0MDDSAQIDBFxyZWxhdGl2ZVBhdGhZYWxpYXNEYXRhXxBBLi4vLi4vLi4vTGl0ZXJhdHVyZS9NYWllbmJvcm4sIHZvbiBIZXVzaW5nZXIsIFBvcnRuZXIgdjMgMjAxMi5wZGZPEQHYAAAAAAHYAAIAAAxNYWNpbnRvc2ggSEQAAAAAAAAAAAAAAAAAAAAAAAAAQkQAAf////8fTWFpZW5ib3JuLCB2b24gSGV1I0ZGRkZGRkZGLnBkZgAAAAAAAAAAAAAAAAAAAAAAAAAAAAAAAAAAAAAAAAAA/////wAAAAAAAAAAAAAAAAADAAIAAAogY3UAAAAAAAAAAAAAAAAACkxpdGVyYXR1cmUAAgBQLzpVc2VyczpqYW1lczpEb2N1bWVudHM6TGl0ZXJhdHVyZTpNYWllbmJvcm4sIHZvbiBIZXVzaW5nZXIsIFBvcnRuZXIgdjMgMjAxMi5wZGYADgBcAC0ATQBhAGkAZQBuAGIAbwByAG4ALAAgAHYAbwBuACAASABlAHUAcwBpAG4AZwBlAHIALAAgAFAAbwByAHQAbgBlAHIAIAB2ADMAIAAyADAAMQAyAC4AcABkAGYADwAaAAwATQBhAGMAaQBuAHQAbwBzAGgAIABIAEQAEgBOVXNlcnMvamFtZXMvRG9jdW1lbnRzL0xpdGVyYXR1cmUvTWFpZW5ib3JuLCB2b24gSGV1c2luZ2VyLCBQb3J0bmVyIHYzIDIwMTIucGRmABMAAS8AABUAAgAM//8AAAAIAA0AGgAkAGgAAAAAAAACAQAAAAAAAAAFAAAAAAAAAAAAAAAAAAACRA==}}

@incollection{bach-chao:2012,
	Author = {Bach, Emmon and Chao, Wynn},
	Chapter = {95},
	Crossref = {maienborn-vonheusinger-portner:2012},
	Date-Added = {2020-04-02 15:53:33 -0700},
	Date-Modified = {2020-04-02 15:53:33 -0700},
	Keywords = {Semantics - Type theory; Syntax - Categories},
	Pages = {2537-2558},
	Title = {Semantic types across languages},
	Bdsk-File-1 = {YnBsaXN0MDDSAQIDBFxyZWxhdGl2ZVBhdGhZYWxpYXNEYXRhXxBBLi4vLi4vLi4vTGl0ZXJhdHVyZS9NYWllbmJvcm4sIHZvbiBIZXVzaW5nZXIsIFBvcnRuZXIgdjMgMjAxMi5wZGZPEQHYAAAAAAHYAAIAAAxNYWNpbnRvc2ggSEQAAAAAAAAAAAAAAAAAAAAAAAAAQkQAAf////8fTWFpZW5ib3JuLCB2b24gSGV1I0ZGRkZGRkZGLnBkZgAAAAAAAAAAAAAAAAAAAAAAAAAAAAAAAAAAAAAAAAAA/////wAAAAAAAAAAAAAAAAADAAIAAAogY3UAAAAAAAAAAAAAAAAACkxpdGVyYXR1cmUAAgBQLzpVc2VyczpqYW1lczpEb2N1bWVudHM6TGl0ZXJhdHVyZTpNYWllbmJvcm4sIHZvbiBIZXVzaW5nZXIsIFBvcnRuZXIgdjMgMjAxMi5wZGYADgBcAC0ATQBhAGkAZQBuAGIAbwByAG4ALAAgAHYAbwBuACAASABlAHUAcwBpAG4AZwBlAHIALAAgAFAAbwByAHQAbgBlAHIAIAB2ADMAIAAyADAAMQAyAC4AcABkAGYADwAaAAwATQBhAGMAaQBuAHQAbwBzAGgAIABIAEQAEgBOVXNlcnMvamFtZXMvRG9jdW1lbnRzL0xpdGVyYXR1cmUvTWFpZW5ib3JuLCB2b24gSGV1c2luZ2VyLCBQb3J0bmVyIHYzIDIwMTIucGRmABMAAS8AABUAAgAM//8AAAAIAA0AGgAkAGgAAAAAAAACAQAAAAAAAAAFAAAAAAAAAAAAAAAAAAACRA==}}

@incollection{landau:2012,
	Author = {Landau, Barbara},
	Chapter = {107},
	Crossref = {maienborn-vonheusinger-portner:2012},
	Date-Added = {2020-04-02 15:53:33 -0700},
	Date-Modified = {2020-04-02 15:53:33 -0700},
	Keywords = {Semantics - Spatial; Semantics - Locatives},
	Pages = {2805-2824},
	Title = {Space in semantics and cognition},
	Bdsk-File-1 = {YnBsaXN0MDDSAQIDBFxyZWxhdGl2ZVBhdGhZYWxpYXNEYXRhXxBBLi4vLi4vLi4vTGl0ZXJhdHVyZS9NYWllbmJvcm4sIHZvbiBIZXVzaW5nZXIsIFBvcnRuZXIgdjMgMjAxMi5wZGZPEQHYAAAAAAHYAAIAAAxNYWNpbnRvc2ggSEQAAAAAAAAAAAAAAAAAAAAAAAAAQkQAAf////8fTWFpZW5ib3JuLCB2b24gSGV1I0ZGRkZGRkZGLnBkZgAAAAAAAAAAAAAAAAAAAAAAAAAAAAAAAAAAAAAAAAAA/////wAAAAAAAAAAAAAAAAADAAIAAAogY3UAAAAAAAAAAAAAAAAACkxpdGVyYXR1cmUAAgBQLzpVc2VyczpqYW1lczpEb2N1bWVudHM6TGl0ZXJhdHVyZTpNYWllbmJvcm4sIHZvbiBIZXVzaW5nZXIsIFBvcnRuZXIgdjMgMjAxMi5wZGYADgBcAC0ATQBhAGkAZQBuAGIAbwByAG4ALAAgAHYAbwBuACAASABlAHUAcwBpAG4AZwBlAHIALAAgAFAAbwByAHQAbgBlAHIAIAB2ADMAIAAyADAAMQAyAC4AcABkAGYADwAaAAwATQBhAGMAaQBuAHQAbwBzAGgAIABIAEQAEgBOVXNlcnMvamFtZXMvRG9jdW1lbnRzL0xpdGVyYXR1cmUvTWFpZW5ib3JuLCB2b24gSGV1c2luZ2VyLCBQb3J0bmVyIHYzIDIwMTIucGRmABMAAS8AABUAAgAM//8AAAAIAA0AGgAkAGgAAAAAAAACAQAAAAAAAAAFAAAAAAAAAAAAAAAAAAACRA==}}

@incollection{davis:2011a,
	Author = {Davis, Anthony R.},
	Chapter = {18},
	Crossref = {maienborn-vonheusinger-portner:2011-1},
	Date-Added = {2020-04-02 15:34:19 -0700},
	Date-Modified = {2020-04-02 15:34:19 -0700},
	Keywords = {Semantics - Thematic roles; Semantics - Thematic roles - Agentivity; Syntax - Thematic roles; Syntax - Thematic roles - UTAH;},
	Pages = {399-420},
	Title = {Thematic roles},
	Bdsk-File-1 = {YnBsaXN0MDDSAQIDBFxyZWxhdGl2ZVBhdGhZYWxpYXNEYXRhXxBBLi4vLi4vLi4vTGl0ZXJhdHVyZS9NYWllbmJvcm4sIHZvbiBIZXVzaW5nZXIsIFBvcnRuZXIgdjEgMjAxMS5wZGZPEQHYAAAAAAHYAAIAAAxNYWNpbnRvc2ggSEQAAAAAAAAAAAAAAAAAAAAAAAAAQkQAAf////8fTWFpZW5ib3JuLCB2b24gSGV1I0ZGRkZGRkZGLnBkZgAAAAAAAAAAAAAAAAAAAAAAAAAAAAAAAAAAAAAAAAAA/////wAAAAAAAAAAAAAAAAADAAIAAAogY3UAAAAAAAAAAAAAAAAACkxpdGVyYXR1cmUAAgBQLzpVc2VyczpqYW1lczpEb2N1bWVudHM6TGl0ZXJhdHVyZTpNYWllbmJvcm4sIHZvbiBIZXVzaW5nZXIsIFBvcnRuZXIgdjEgMjAxMS5wZGYADgBcAC0ATQBhAGkAZQBuAGIAbwByAG4ALAAgAHYAbwBuACAASABlAHUAcwBpAG4AZwBlAHIALAAgAFAAbwByAHQAbgBlAHIAIAB2ADEAIAAyADAAMQAxAC4AcABkAGYADwAaAAwATQBhAGMAaQBuAHQAbwBzAGgAIABIAEQAEgBOVXNlcnMvamFtZXMvRG9jdW1lbnRzL0xpdGVyYXR1cmUvTWFpZW5ib3JuLCB2b24gSGV1c2luZ2VyLCBQb3J0bmVyIHYxIDIwMTEucGRmABMAAS8AABUAAgAM//8AAAAIAA0AGgAkAGgAAAAAAAACAQAAAAAAAAAFAAAAAAAAAAAAAAAAAAACRA==}}

@book{maienborn-vonheusinger-portner:2011-1,
	Address = {Berlin},
	Booktitle = {Semantics: An international handbook of natural language meaning},
	Date-Added = {2020-04-02 15:32:15 -0700},
	Date-Modified = {2020-04-02 15:32:15 -0700},
	Editor = {Maienborn, Claudia and von Heusinger, Klaus and Portner, Paul H.},
	Isbn = {978-3-11-018470-9},
	Keywords = {Semantics},
	Library = {P325.S3799 2011},
	Number = {1},
	Publisher = {Walter de Gruyter},
	Series = {Handbooks of linguistics and communication science},
	Title = {Semantics: An international handbook of natural language meaning},
	Volume = {33},
	Year = {2011},
	Bdsk-File-1 = {YnBsaXN0MDDSAQIDBFxyZWxhdGl2ZVBhdGhZYWxpYXNEYXRhXxBBLi4vLi4vLi4vTGl0ZXJhdHVyZS9NYWllbmJvcm4sIHZvbiBIZXVzaW5nZXIsIFBvcnRuZXIgdjEgMjAxMS5wZGZPEQHYAAAAAAHYAAIAAAxNYWNpbnRvc2ggSEQAAAAAAAAAAAAAAAAAAAAAAAAAQkQAAf////8fTWFpZW5ib3JuLCB2b24gSGV1I0ZGRkZGRkZGLnBkZgAAAAAAAAAAAAAAAAAAAAAAAAAAAAAAAAAAAAAAAAAA/////wAAAAAAAAAAAAAAAAADAAIAAAogY3UAAAAAAAAAAAAAAAAACkxpdGVyYXR1cmUAAgBQLzpVc2VyczpqYW1lczpEb2N1bWVudHM6TGl0ZXJhdHVyZTpNYWllbmJvcm4sIHZvbiBIZXVzaW5nZXIsIFBvcnRuZXIgdjEgMjAxMS5wZGYADgBcAC0ATQBhAGkAZQBuAGIAbwByAG4ALAAgAHYAbwBuACAASABlAHUAcwBpAG4AZwBlAHIALAAgAFAAbwByAHQAbgBlAHIAIAB2ADEAIAAyADAAMQAxAC4AcABkAGYADwAaAAwATQBhAGMAaQBuAHQAbwBzAGgAIABIAEQAEgBOVXNlcnMvamFtZXMvRG9jdW1lbnRzL0xpdGVyYXR1cmUvTWFpZW5ib3JuLCB2b24gSGV1c2luZ2VyLCBQb3J0bmVyIHYxIDIwMTEucGRmABMAAS8AABUAAgAM//8AAAAIAA0AGgAkAGgAAAAAAAACAQAAAAAAAAAFAAAAAAAAAAAAAAAAAAACRA==}}

@incollection{rettler-bailey:2017,
	Address = {Stanford, CA},
	Author = {Rettler, Bradley and Bailey, Andrew M.},
	Booktitle = {The Stanford Encyclopedia of Philosophy},
	Date-Added = {2020-04-02 13:18:07 -0700},
	Date-Modified = {2020-04-02 13:18:07 -0700},
	Edition = {Winter 2017},
	Editor = {Zalta, Edward N.},
	Keywords = {Philosophy - Metaphysics; Philosophy - Metaphysics - Entities; Philosophy - Metaphysics - Ontology},
	Publisher = {CSLI Publications},
	Title = {Object},
	Url = {https://plato.stanford.edu/archives/win2017/entries/ob ject/},
	Year = {2017},
	Bdsk-File-1 = {YnBsaXN0MDDSAQIDBFxyZWxhdGl2ZVBhdGhZYWxpYXNEYXRhXxAtLi4vLi4vLi4vTGl0ZXJhdHVyZS9SZXR0bGVyICYgQmFpbGV5IDIwMTcucGRmTxEBiAAAAAABiAACAAAMTWFjaW50b3NoIEhEAAAAAAAAAAAAAAAAAAAAAAAAAEJEAAH/////GVJldHRsZXIgJiBCYWlsZXkgMjAxNy5wZGYAAAAAAAAAAAAAAAAAAAAAAAAAAAAAAAAAAAAAAAAAAAAAAAAAAP////8AAAAAAAAAAAAAAAAAAwACAAAKIGN1AAAAAAAAAAAAAAAAAApMaXRlcmF0dXJlAAIAPC86VXNlcnM6amFtZXM6RG9jdW1lbnRzOkxpdGVyYXR1cmU6UmV0dGxlciAmIEJhaWxleSAyMDE3LnBkZgAOADQAGQBSAGUAdAB0AGwAZQByACAAJgAgAEIAYQBpAGwAZQB5ACAAMgAwADEANwAuAHAAZABmAA8AGgAMAE0AYQBjAGkAbgB0AG8AcwBoACAASABEABIAOlVzZXJzL2phbWVzL0RvY3VtZW50cy9MaXRlcmF0dXJlL1JldHRsZXIgJiBCYWlsZXkgMjAxNy5wZGYAEwABLwAAFQACAAz//wAAAAgADQAaACQAVAAAAAAAAAIBAAAAAAAAAAUAAAAAAAAAAAAAAAAAAAHg}}

@incollection{rosen:2020,
	Address = {Stanford, CA},
	Author = {Rosen, Gideon},
	Booktitle = {The Stanford Encyclopedia of Philosophy},
	Date-Added = {2020-03-31 15:55:30 -0700},
	Date-Modified = {2020-03-31 15:55:30 -0700},
	Edition = {Spring 2020},
	Editor = {Zalta, Edward N.},
	Keywords = {Philosophy - Metaphysics; Philosophy - Metaphysics - Entities},
	Publisher = {CSLI Publications},
	Title = {Abstract objects},
	Url = {https://plato.stanford.edu/archives/spr2020/entries/abstract-objects/},
	Year = {2020},
	Bdsk-File-1 = {YnBsaXN0MDDSAQIDBFxyZWxhdGl2ZVBhdGhZYWxpYXNEYXRhXxAiLi4vLi4vLi4vTGl0ZXJhdHVyZS9Sb3NlbiAyMDIwLnBkZk8RAV4AAAAAAV4AAgAADE1hY2ludG9zaCBIRAAAAAAAAAAAAAAAAAAAAAAAAABCRAAB/////w5Sb3NlbiAyMDIwLnBkZgAAAAAAAAAAAAAAAAAAAAAAAAAAAAAAAAAAAAAAAAAAAAAAAAAAAAAAAAAAAAAAAAD/////AAAAAAAAAAAAAAAAAAMAAgAACiBjdQAAAAAAAAAAAAAAAAAKTGl0ZXJhdHVyZQACADEvOlVzZXJzOmphbWVzOkRvY3VtZW50czpMaXRlcmF0dXJlOlJvc2VuIDIwMjAucGRmAAAOAB4ADgBSAG8AcwBlAG4AIAAyADAAMgAwAC4AcABkAGYADwAaAAwATQBhAGMAaQBuAHQAbwBzAGgAIABIAEQAEgAvVXNlcnMvamFtZXMvRG9jdW1lbnRzL0xpdGVyYXR1cmUvUm9zZW4gMjAyMC5wZGYAABMAAS8AABUAAgAM//8AAAAIAA0AGgAkAEkAAAAAAAACAQAAAAAAAAAFAAAAAAAAAAAAAAAAAAABqw==}}

@incollection{varzi:2019,
	Address = {Stanford, CA},
	Author = {Varzi, Achille C.},
	Booktitle = {The Stanford Encyclopedia of Philosophy},
	Date-Added = {2020-03-31 15:49:49 -0700},
	Date-Modified = {2020-03-31 15:49:49 -0700},
	Edition = {Spring 2019},
	Editor = {Zalta, Edward N.},
	Keywords = {Philosophy - Metaphysics; Philosophy - Metaphysics - Mereology},
	Publisher = {CSLI Publications},
	Title = {Mereology},
	Url = {http://plato.stanford.edu/archives/spr2019/entries/mereology/},
	Year = {2019},
	Bdsk-File-1 = {YnBsaXN0MDDSAQIDBFxyZWxhdGl2ZVBhdGhZYWxpYXNEYXRhXxAiLi4vLi4vLi4vTGl0ZXJhdHVyZS9WYXJ6aSAyMDE5LnBkZk8RAV4AAAAAAV4AAgAADE1hY2ludG9zaCBIRAAAAAAAAAAAAAAAAAAAAAAAAABCRAAB/////w5WYXJ6aSAyMDE5LnBkZgAAAAAAAAAAAAAAAAAAAAAAAAAAAAAAAAAAAAAAAAAAAAAAAAAAAAAAAAAAAAAAAAD/////AAAAAAAAAAAAAAAAAAMAAgAACiBjdQAAAAAAAAAAAAAAAAAKTGl0ZXJhdHVyZQACADEvOlVzZXJzOmphbWVzOkRvY3VtZW50czpMaXRlcmF0dXJlOlZhcnppIDIwMTkucGRmAAAOAB4ADgBWAGEAcgB6AGkAIAAyADAAMQA5AC4AcABkAGYADwAaAAwATQBhAGMAaQBuAHQAbwBzAGgAIABIAEQAEgAvVXNlcnMvamFtZXMvRG9jdW1lbnRzL0xpdGVyYXR1cmUvVmFyemkgMjAxOS5wZGYAABMAAS8AABUAAgAM//8AAAAIAA0AGgAkAEkAAAAAAAACAQAAAAAAAAAFAAAAAAAAAAAAAAAAAAABqw==}}

@incollection{van-inwagen-sullivan:2015,
	Address = {Stanford, CA},
	Author = {van Inwagen, Peter and Sullivan, Meghan},
	Booktitle = {The Stanford Encyclopedia of Philosophy},
	Date-Added = {2020-03-31 15:35:41 -0700},
	Date-Modified = {2020-03-31 16:01:34 -0700},
	Edition = {Spring 2015},
	Editor = {Zalta, Edward N.},
	Keywords = {Philosophy - Language; Philosophy - Metaphysics},
	Publisher = {CSLI Publications},
	Title = {Metaphysics},
	Url = {http://plato.stanford.edu/archives/spr2015/entries/metaphysics/},
	Year = {2015},
	Bdsk-File-1 = {YnBsaXN0MDDSAQIDBFxyZWxhdGl2ZVBhdGhZYWxpYXNEYXRhXxAzLi4vLi4vLi4vTGl0ZXJhdHVyZS92YW4gSW53YWdlbiAmIFN1bGxpdmFuIDIwMTUucGRmTxEBoAAAAAABoAACAAAMTWFjaW50b3NoIEhEAAAAAAAAAAAAAAAAAAAAAAAAAEJEAAH/////H3ZhbiBJbndhZ2VuICYgU3VsbGl2YW4gMjAxNS5wZGYAAAAAAAAAAAAAAAAAAAAAAAAAAAAAAAAAAAAAAAAAAP////8AAAAAAAAAAAAAAAAAAwACAAAKIGN1AAAAAAAAAAAAAAAAAApMaXRlcmF0dXJlAAIAQi86VXNlcnM6amFtZXM6RG9jdW1lbnRzOkxpdGVyYXR1cmU6dmFuIElud2FnZW4gJiBTdWxsaXZhbiAyMDE1LnBkZgAOAEAAHwB2AGEAbgAgAEkAbgB3AGEAZwBlAG4AIAAmACAAUwB1AGwAbABpAHYAYQBuACAAMgAwADEANQAuAHAAZABmAA8AGgAMAE0AYQBjAGkAbgB0AG8AcwBoACAASABEABIAQFVzZXJzL2phbWVzL0RvY3VtZW50cy9MaXRlcmF0dXJlL3ZhbiBJbndhZ2VuICYgU3VsbGl2YW4gMjAxNS5wZGYAEwABLwAAFQACAAz//wAAAAgADQAaACQAWgAAAAAAAAIBAAAAAAAAAAUAAAAAAAAAAAAAAAAAAAH+}}

@unpublished{leer:1978b,
	Author = {Leer, Jeff},
	Date-Added = {2020-03-08 16:04:18 -0700},
	Date-Modified = {2020-03-08 16:04:18 -0700},
	Eprint = {TL962L1975m},
	Eprinttype = {anla},
	Keywords = {Language - Tlingit; Lexicography - Wordlist; Morphology - Verb; Morphology - Word - Structure},
	Month = {6},
	Note = {Unpublished manuscript},
	Title = {Tlingit stem list},
	Year = {1978},
	Bdsk-File-1 = {YnBsaXN0MDDSAQIDBFxyZWxhdGl2ZVBhdGhZYWxpYXNEYXRhXxA8Li4vLi4vVGxpbmdpdCBEaWN0aW9uYXJ5L1RMOTYyTDE5NzVtIC0gVGxpbmdpdCBzdGVtIGxpc3QucGRmTxEB1AAAAAAB1AACAAAMTWFjaW50b3NoIEhEAAAAAAAAAAAAAAAAAAAAAAAAAEJEAAH/////H1RMOTYyTDE5NzVtIC0gVGxpbiNGRkZGRkZGRi5wZGYAAAAAAAAAAAAAAAAAAAAAAAAAAAAAAAAAAAAAAAAAAP////8AAAAAAAAAAAAAAAAAAgACAAAKIGN1AAAAAAAAAAAAAAAAABJUbGluZ2l0IERpY3Rpb25hcnkAAgBTLzpVc2VyczpqYW1lczpEb2N1bWVudHM6TWluZTpUbGluZ2l0IERpY3Rpb25hcnk6VEw5NjJMMTk3NW0gLSBUbGluZ2l0IHN0ZW0gbGlzdC5wZGYAAA4ASAAjAFQATAA5ADYAMgBMADEAOQA3ADUAbQAgAC0AIABUAGwAaQBuAGcAaQB0ACAAcwB0AGUAbQAgAGwAaQBzAHQALgBwAGQAZgAPABoADABNAGEAYwBpAG4AdABvAHMAaAAgAEgARAASAFFVc2Vycy9qYW1lcy9Eb2N1bWVudHMvTWluZS9UbGluZ2l0IERpY3Rpb25hcnkvVEw5NjJMMTk3NW0gLSBUbGluZ2l0IHN0ZW0gbGlzdC5wZGYAABMAAS8AABUAAgAM//8AAAAIAA0AGgAkAGMAAAAAAAACAQAAAAAAAAAFAAAAAAAAAAAAAAAAAAACOw==}}

@unpublished{leer:1973,
	Author = {Leer, Jeff},
	Date-Added = {2020-03-08 16:03:59 -0700},
	Date-Modified = {2020-03-08 16:03:59 -0700},
	Eprint = {TL962L1973g},
	Eprinttype = {anla},
	Keywords = {Language - Tlingit; Lexicography - Wordlist},
	Note = {Unpublished manuscript},
	Title = {Tlingit stem collection},
	Year = {1973},
	Bdsk-File-1 = {YnBsaXN0MDDSAQIDBFxyZWxhdGl2ZVBhdGhZYWxpYXNEYXRhbxB4AC4ALgAvAC4ALgAvAFQAbABpAG4AZwBpAHQAIABEAGkAYwB0AGkAbwBuAGEAcgB5AC8AVABMADkANgAyAEwAMQA5ADcAMwBnACAALQAgAFQAbABpAG4AZwBpAHQAIABkAGkAYwB0AGkAbwBuAGEAcgB5ACAAbQBhAHQAZQByAGkAYQBsAHMALwBUAEwALQBkAGkAYwB0AGkAbwBuAGEAcgB5AC0AbQBhAHQAZQByAGkAYQBsAHMALQBmADAAMQAgACgAcQAgAHECtwAgA8cCvAAgA8cCvAK3ACAAcQK8ACAAcQK8ArcAKQAuAHAAZABmTxECjAAAAAACjAACAAAMTWFjaW50b3NoIEhEAAAAAAAAAAAAAAAAAAAAAAAAAEJEAAH/////H1RMLWRpY3Rpb25hcnktbWF0ZSNGRkZGRkZGRi5wZGYAAAAAAAAAAAAAAAAAAAAAAAAAAAAAAAAAAAAAAAAAAP////8AAAAAAAAAAAAAAAAAAgADAAAKIGN1AAAAAAAAAAAAAAAAAB9UTDk2MkwxOTczZyAtIFRsaW5naXQgZGljdGkjOTFDAAACAJgvOlVzZXJzOmphbWVzOkRvY3VtZW50czpNaW5lOlRsaW5naXQgRGljdGlvbmFyeTpUTDk2MkwxOTczZyAtIFRsaW5naXQgZGljdGlvbmFyeSBtYXRlcmlhbHM6VEwtZGljdGlvbmFyeS1tYXRlcmlhbHMtZjAxIChxIHHKtyDPh8q8IM+HyrzKtyBxyrwgccq8yrcpLnBkZgAOAGoANABUAEwALQBkAGkAYwB0AGkAbwBuAGEAcgB5AC0AbQBhAHQAZQByAGkAYQBsAHMALQBmADAAMQAgACgAcQAgAHECtwAgA8cCvAAgA8cCvAK3ACAAcQK8ACAAcQK8ArcAKQAuAHAAZABmAA8AGgAMAE0AYQBjAGkAbgB0AG8AcwBoACAASABEABIAllVzZXJzL2phbWVzL0RvY3VtZW50cy9NaW5lL1RsaW5naXQgRGljdGlvbmFyeS9UTDk2MkwxOTczZyAtIFRsaW5naXQgZGljdGlvbmFyeSBtYXRlcmlhbHMvVEwtZGljdGlvbmFyeS1tYXRlcmlhbHMtZjAxIChxIHHKtyDPh8q8IM+HyrzKtyBxyrwgccq8yrcpLnBkZgATAAEvAAAVAAIADP//AAAACAANABoAJAEXAAAAAAAAAgEAAAAAAAAABQAAAAAAAAAAAAAAAAAAA6c=},
	Bdsk-File-2 = {YnBsaXN0MDDSAQIDBFxyZWxhdGl2ZVBhdGhZYWxpYXNEYXRhbxBwAC4ALgAvAC4ALgAvAFQAbABpAG4AZwBpAHQAIABEAGkAYwB0AGkAbwBuAGEAcgB5AC8AVABMADkANgAyAEwAMQA5ADcAMwBnACAALQAgAFQAbABpAG4AZwBpAHQAIABkAGkAYwB0AGkAbwBuAGEAcgB5ACAAbQBhAHQAZQByAGkAYQBsAHMALwBUAEwALQBkAGkAYwB0AGkAbwBuAGEAcgB5AC0AbQBhAHQAZQByAGkAYQBsAHMALQBmADAAMgAgACgDxwAgACADxwK3ACACYgAgAmICtwApAC4AcABkAGZPEQJoAAAAAAJoAAIAAAxNYWNpbnRvc2ggSEQAAAAAAAAAAAAAAAAAAAAAAAAAQkQAAf////8fVEwtZGljdGlvbmFyeS1tYXRlI0ZGRkZGRkZGLnBkZgAAAAAAAAAAAAAAAAAAAAAAAAAAAAAAAAAAAAAAAAAA/////wAAAAAAAAAAAAAAAAACAAMAAAogY3UAAAAAAAAAAAAAAAAAH1RMOTYyTDE5NzNnIC0gVGxpbmdpdCBkaWN0aSM5MUMAAAIAjS86VXNlcnM6amFtZXM6RG9jdW1lbnRzOk1pbmU6VGxpbmdpdCBEaWN0aW9uYXJ5OlRMOTYyTDE5NzNnIC0gVGxpbmdpdCBkaWN0aW9uYXJ5IG1hdGVyaWFsczpUTC1kaWN0aW9uYXJ5LW1hdGVyaWFscy1mMDIgKM+HICDPh8q3IMmiIMmiyrcpLnBkZgAADgBaACwAVABMAC0AZABpAGMAdABpAG8AbgBhAHIAeQAtAG0AYQB0AGUAcgBpAGEAbABzAC0AZgAwADIAIAAoA8cAIAAgA8cCtwAgAmIAIAJiArcAKQAuAHAAZABmAA8AGgAMAE0AYQBjAGkAbgB0AG8AcwBoACAASABEABIAi1VzZXJzL2phbWVzL0RvY3VtZW50cy9NaW5lL1RsaW5naXQgRGljdGlvbmFyeS9UTDk2MkwxOTczZyAtIFRsaW5naXQgZGljdGlvbmFyeSBtYXRlcmlhbHMvVEwtZGljdGlvbmFyeS1tYXRlcmlhbHMtZjAyICjPhyAgz4fKtyDJoiDJosq3KS5wZGYAABMAAS8AABUAAgAM//8AAAAIAA0AGgAkAQcAAAAAAAACAQAAAAAAAAAFAAAAAAAAAAAAAAAAAAADcw==},
	Bdsk-File-3 = {YnBsaXN0MDDSAQIDBFxyZWxhdGl2ZVBhdGhZYWxpYXNEYXRhbxBqAC4ALgAvAC4ALgAvAFQAbABpAG4AZwBpAHQAIABEAGkAYwB0AGkAbwBuAGEAcgB5AC8AVABMADkANgAyAEwAMQA5ADcAMwBnACAALQAgAFQAbABpAG4AZwBpAHQAIABkAGkAYwB0AGkAbwBuAGEAcgB5ACAAbQBhAHQAZQByAGkAYQBsAHMALwBUAEwALQBkAGkAYwB0AGkAbwBuAGEAcgB5AC0AbQBhAHQAZQByAGkAYQBsAHMALQBmADAAMwAgACgAeAAgAHgCtwApAC4AcABkAGZPEQJEAAAAAAJEAAIAAAxNYWNpbnRvc2ggSEQAAAAAAAAAAAAAAAAAAAAAAAAAQkQAAf////8fVEwtZGljdGlvbmFyeS1tYXRlI0ZGRkZGRkZGLnBkZgAAAAAAAAAAAAAAAAAAAAAAAAAAAAAAAAAAAAAAAAAA/////wAAAAAAAAAAAAAAAAACAAMAAAogY3UAAAAAAAAAAAAAAAAAH1RMOTYyTDE5NzNnIC0gVGxpbmdpdCBkaWN0aSM5MUMAAAIAgi86VXNlcnM6amFtZXM6RG9jdW1lbnRzOk1pbmU6VGxpbmdpdCBEaWN0aW9uYXJ5OlRMOTYyTDE5NzNnIC0gVGxpbmdpdCBkaWN0aW9uYXJ5IG1hdGVyaWFsczpUTC1kaWN0aW9uYXJ5LW1hdGVyaWFscy1mMDMgKHggeMq3KS5wZGYADgBOACYAVABMAC0AZABpAGMAdABpAG8AbgBhAHIAeQAtAG0AYQB0AGUAcgBpAGEAbABzAC0AZgAwADMAIAAoAHgAIAB4ArcAKQAuAHAAZABmAA8AGgAMAE0AYQBjAGkAbgB0AG8AcwBoACAASABEABIAgFVzZXJzL2phbWVzL0RvY3VtZW50cy9NaW5lL1RsaW5naXQgRGljdGlvbmFyeS9UTDk2MkwxOTczZyAtIFRsaW5naXQgZGljdGlvbmFyeSBtYXRlcmlhbHMvVEwtZGljdGlvbmFyeS1tYXRlcmlhbHMtZjAzICh4IHjKtykucGRmABMAAS8AABUAAgAM//8AAAAIAA0AGgAkAPsAAAAAAAACAQAAAAAAAAAFAAAAAAAAAAAAAAAAAAADQw==},
	Bdsk-File-4 = {YnBsaXN0MDDSAQIDBFxyZWxhdGl2ZVBhdGhZYWxpYXNEYXRhbxBzAC4ALgAvAC4ALgAvAFQAbABpAG4AZwBpAHQAIABEAGkAYwB0AGkAbwBuAGEAcgB5AC8AVABMADkANgAyAEwAMQA5ADcAMwBnACAALQAgAFQAbABpAG4AZwBpAHQAIABkAGkAYwB0AGkAbwBuAGEAcgB5ACAAbQBhAHQAZQByAGkAYQBsAHMALwBUAEwALQBkAGkAYwB0AGkAbwBuAGEAcgB5AC0AbQBhAHQAZQByAGkAYQBsAHMALQBmADAANAAgACgAeAK8ACAAeAK8ArcAIABrArwAIABrArwCtwApAC4AcABkAGZPEQJyAAAAAAJyAAIAAAxNYWNpbnRvc2ggSEQAAAAAAAAAAAAAAAAAAAAAAAAAQkQAAf////8fVEwtZGljdGlvbmFyeS1tYXRlI0ZGRkZGRkZGLnBkZgAAAAAAAAAAAAAAAAAAAAAAAAAAAAAAAAAAAAAAAAAA/////wAAAABQREYgQ0FSTwACAAMAAAogY3UAAAAAAAAAAAAAAAAAH1RMOTYyTDE5NzNnIC0gVGxpbmdpdCBkaWN0aSM5MUMAAAIAkC86VXNlcnM6amFtZXM6RG9jdW1lbnRzOk1pbmU6VGxpbmdpdCBEaWN0aW9uYXJ5OlRMOTYyTDE5NzNnIC0gVGxpbmdpdCBkaWN0aW9uYXJ5IG1hdGVyaWFsczpUTC1kaWN0aW9uYXJ5LW1hdGVyaWFscy1mMDQgKHjKvCB4yrzKtyBryrwga8q8yrcpLnBkZgAOAGAALwBUAEwALQBkAGkAYwB0AGkAbwBuAGEAcgB5AC0AbQBhAHQAZQByAGkAYQBsAHMALQBmADAANAAgACgAeAK8ACAAeAK8ArcAIABrArwAIABrArwCtwApAC4AcABkAGYADwAaAAwATQBhAGMAaQBuAHQAbwBzAGgAIABIAEQAEgCOVXNlcnMvamFtZXMvRG9jdW1lbnRzL01pbmUvVGxpbmdpdCBEaWN0aW9uYXJ5L1RMOTYyTDE5NzNnIC0gVGxpbmdpdCBkaWN0aW9uYXJ5IG1hdGVyaWFscy9UTC1kaWN0aW9uYXJ5LW1hdGVyaWFscy1mMDQgKHjKvCB4yrzKtyBryrwga8q8yrcpLnBkZgATAAEvAAAVAAIADP//AAAACAANABoAJAENAAAAAAAAAgEAAAAAAAAABQAAAAAAAAAAAAAAAAAAA4M=},
	Bdsk-File-5 = {YnBsaXN0MDDSAQIDBFxyZWxhdGl2ZVBhdGhZYWxpYXNEYXRhbxBqAC4ALgAvAC4ALgAvAFQAbABpAG4AZwBpAHQAIABEAGkAYwB0AGkAbwBuAGEAcgB5AC8AVABMADkANgAyAEwAMQA5ADcAMwBnACAALQAgAFQAbABpAG4AZwBpAHQAIABkAGkAYwB0AGkAbwBuAGEAcgB5ACAAbQBhAHQAZQByAGkAYQBsAHMALwBUAEwALQBkAGkAYwB0AGkAbwBuAGEAcgB5AC0AbQBhAHQAZQByAGkAYQBsAHMALQBmADAANQAgACgAZwAgAGcCtwApAC4AcABkAGZPEQJEAAAAAAJEAAIAAAxNYWNpbnRvc2ggSEQAAAAAAAAAAAAAAAAAAAAAAAAAQkQAAf////8fVEwtZGljdGlvbmFyeS1tYXRlI0ZGRkZGRkZGLnBkZgAAAAAAAAAAAAAAAAAAAAAAAAAAAAAAAAAAAAAAAAAA/////wAAAAAAAAAAAAAAAAACAAMAAAogY3UAAAAAAAAAAAAAAAAAH1RMOTYyTDE5NzNnIC0gVGxpbmdpdCBkaWN0aSM5MUMAAAIAgi86VXNlcnM6amFtZXM6RG9jdW1lbnRzOk1pbmU6VGxpbmdpdCBEaWN0aW9uYXJ5OlRMOTYyTDE5NzNnIC0gVGxpbmdpdCBkaWN0aW9uYXJ5IG1hdGVyaWFsczpUTC1kaWN0aW9uYXJ5LW1hdGVyaWFscy1mMDUgKGcgZ8q3KS5wZGYADgBOACYAVABMAC0AZABpAGMAdABpAG8AbgBhAHIAeQAtAG0AYQB0AGUAcgBpAGEAbABzAC0AZgAwADUAIAAoAGcAIABnArcAKQAuAHAAZABmAA8AGgAMAE0AYQBjAGkAbgB0AG8AcwBoACAASABEABIAgFVzZXJzL2phbWVzL0RvY3VtZW50cy9NaW5lL1RsaW5naXQgRGljdGlvbmFyeS9UTDk2MkwxOTczZyAtIFRsaW5naXQgZGljdGlvbmFyeSBtYXRlcmlhbHMvVEwtZGljdGlvbmFyeS1tYXRlcmlhbHMtZjA1IChnIGfKtykucGRmABMAAS8AABUAAgAM//8AAAAIAA0AGgAkAPsAAAAAAAACAQAAAAAAAAAFAAAAAAAAAAAAAAAAAAADQw==},
	Bdsk-File-6 = {YnBsaXN0MDDSAQIDBFxyZWxhdGl2ZVBhdGhZYWxpYXNEYXRhbxBqAC4ALgAvAC4ALgAvAFQAbABpAG4AZwBpAHQAIABEAGkAYwB0AGkAbwBuAGEAcgB5AC8AVABMADkANgAyAEwAMQA5ADcAMwBnACAALQAgAFQAbABpAG4AZwBpAHQAIABkAGkAYwB0AGkAbwBuAGEAcgB5ACAAbQBhAHQAZQByAGkAYQBsAHMALwBUAEwALQBkAGkAYwB0AGkAbwBuAGEAcgB5AC0AbQBhAHQAZQByAGkAYQBsAHMALQBmADAANgAgACgAawAgAGsCtwApAC4AcABkAGZPEQJEAAAAAAJEAAIAAAxNYWNpbnRvc2ggSEQAAAAAAAAAAAAAAAAAAAAAAAAAQkQAAf////8fVEwtZGljdGlvbmFyeS1tYXRlI0ZGRkZGRkZGLnBkZgAAAAAAAAAAAAAAAAAAAAAAAAAAAAAAAAAAAAAAAAAA/////wAAAABQREYgAAAAAAACAAMAAAogY3UAAAAAAAAAAAAAAAAAH1RMOTYyTDE5NzNnIC0gVGxpbmdpdCBkaWN0aSM5MUMAAAIAgi86VXNlcnM6amFtZXM6RG9jdW1lbnRzOk1pbmU6VGxpbmdpdCBEaWN0aW9uYXJ5OlRMOTYyTDE5NzNnIC0gVGxpbmdpdCBkaWN0aW9uYXJ5IG1hdGVyaWFsczpUTC1kaWN0aW9uYXJ5LW1hdGVyaWFscy1mMDYgKGsga8q3KS5wZGYADgBOACYAVABMAC0AZABpAGMAdABpAG8AbgBhAHIAeQAtAG0AYQB0AGUAcgBpAGEAbABzAC0AZgAwADYAIAAoAGsAIABrArcAKQAuAHAAZABmAA8AGgAMAE0AYQBjAGkAbgB0AG8AcwBoACAASABEABIAgFVzZXJzL2phbWVzL0RvY3VtZW50cy9NaW5lL1RsaW5naXQgRGljdGlvbmFyeS9UTDk2MkwxOTczZyAtIFRsaW5naXQgZGljdGlvbmFyeSBtYXRlcmlhbHMvVEwtZGljdGlvbmFyeS1tYXRlcmlhbHMtZjA2IChrIGvKtykucGRmABMAAS8AABUAAgAM//8AAAAIAA0AGgAkAPsAAAAAAAACAQAAAAAAAAAFAAAAAAAAAAAAAAAAAAADQw==},
	Bdsk-File-7 = {YnBsaXN0MDDSAQIDBFxyZWxhdGl2ZVBhdGhZYWxpYXNEYXRhXxBOLi4vLi4vVGxpbmdpdCBEaWN0aW9uYXJ5L1RMOTYyTDE5NzVuIC0gVGxpbmdpdCBzdGVtIGxpc3QvVExTdGVtTGlzdC0wMSAoaCkucGRmTxEB6gAAAAAB6gACAAAMTWFjaW50b3NoIEhEAAAAAAAAAAAAAAAAAAAAAAAAAEJEAAH/////FVRMU3RlbUxpc3QtMDEgKGgpLnBkZgAAAAAAAAAAAAAAAAAAAAAAAAAAAAAAAAAAAAAAAAAAAAAAAAAAAAAAAP////8AAAAAAAAAAAAAAAAAAgADAAAKIGN1AAAAAAAAAAAAAAAAAB9UTDk2MkwxOTc1biAtIFRsaW5naXQgc3RlbSBsaXN0AAACAGUvOlVzZXJzOmphbWVzOkRvY3VtZW50czpNaW5lOlRsaW5naXQgRGljdGlvbmFyeTpUTDk2MkwxOTc1biAtIFRsaW5naXQgc3RlbSBsaXN0OlRMU3RlbUxpc3QtMDEgKGgpLnBkZgAADgAsABUAVABMAFMAdABlAG0ATABpAHMAdAAtADAAMQAgACgAaAApAC4AcABkAGYADwAaAAwATQBhAGMAaQBuAHQAbwBzAGgAIABIAEQAEgBjVXNlcnMvamFtZXMvRG9jdW1lbnRzL01pbmUvVGxpbmdpdCBEaWN0aW9uYXJ5L1RMOTYyTDE5NzVuIC0gVGxpbmdpdCBzdGVtIGxpc3QvVExTdGVtTGlzdC0wMSAoaCkucGRmAAATAAEvAAAVAAIADP//AAAACAANABoAJAB1AAAAAAAAAgEAAAAAAAAABQAAAAAAAAAAAAAAAAAAAmM=},
	Bdsk-File-8 = {YnBsaXN0MDDSAQIDBFxyZWxhdGl2ZVBhdGhZYWxpYXNEYXRhbxBOAC4ALgAvAC4ALgAvAFQAbABpAG4AZwBpAHQAIABEAGkAYwB0AGkAbwBuAGEAcgB5AC8AVABMADkANgAyAEwAMQA5ADcANQBuACAALQAgAFQAbABpAG4AZwBpAHQAIABzAHQAZQBtACAAbABpAHMAdAAvAFQATABTAHQAZQBtAEwAaQBzAHQALQAwADIAIAAoApQAKQAuAHAAZABmTxEB6gAAAAAB6gACAAAMTWFjaW50b3NoIEhEAAAAAAAAAAAAAAAAAAAAAAAAAEJEAAH/////HFRMU3RlbUxpc3QtMDIgKCNGRkZGRkZGRi5wZGYAAAAAAAAAAAAAAAAAAAAAAAAAAAAAAAAAAAAAAAAAAAAAAP////8AAAAAAAAAAAAAAAAAAgADAAAKIGN1AAAAAAAAAAAAAAAAAB9UTDk2MkwxOTc1biAtIFRsaW5naXQgc3RlbSBsaXN0AAACAGYvOlVzZXJzOmphbWVzOkRvY3VtZW50czpNaW5lOlRsaW5naXQgRGljdGlvbmFyeTpUTDk2MkwxOTc1biAtIFRsaW5naXQgc3RlbSBsaXN0OlRMU3RlbUxpc3QtMDIgKMqUKS5wZGYADgAsABUAVABMAFMAdABlAG0ATABpAHMAdAAtADAAMgAgACgClAApAC4AcABkAGYADwAaAAwATQBhAGMAaQBuAHQAbwBzAGgAIABIAEQAEgBkVXNlcnMvamFtZXMvRG9jdW1lbnRzL01pbmUvVGxpbmdpdCBEaWN0aW9uYXJ5L1RMOTYyTDE5NzVuIC0gVGxpbmdpdCBzdGVtIGxpc3QvVExTdGVtTGlzdC0wMiAoypQpLnBkZgATAAEvAAAVAAIADP//AAAACAANABoAJADDAAAAAAAAAgEAAAAAAAAABQAAAAAAAAAAAAAAAAAAArE=},
	Bdsk-File-9 = {YnBsaXN0MDDSAQIDBFxyZWxhdGl2ZVBhdGhZYWxpYXNEYXRhbxBXAC4ALgAvAC4ALgAvAFQAbABpAG4AZwBpAHQAIABEAGkAYwB0AGkAbwBuAGEAcgB5AC8AVABMADkANgAyAEwAMQA5ADcANQBuACAALQAgAFQAbABpAG4AZwBpAHQAIABzAHQAZQBtACAAbABpAHMAdAAvAFQATABTAHQAZQBtAEwAaQBzAHQALQAwADMAIAAoAHkAIAB5AwgAIAB3ACAAbQAgAGIAKQAuAHAAZABmTxECEAAAAAACEAACAAAMTWFjaW50b3NoIEhEAAAAAAAAAAAAAAAAAAAAAAAAAEJEAAH/////HVRMU3RlbUxpc3QtMDMgKHkg2CB3IG0gYikucGRmAAAAAAAAAAAAAAAAAAAAAAAAAAAAAAAAAAAAAAAAAAAAAP////8AAAAAAAAAAAAAAAAAAgADAAAKIGN1AAAAAAAAAAAAAAAAAB9UTDk2MkwxOTc1biAtIFRsaW5naXQgc3RlbSBsaXN0AAACAG8vOlVzZXJzOmphbWVzOkRvY3VtZW50czpNaW5lOlRsaW5naXQgRGljdGlvbmFyeTpUTDk2MkwxOTc1biAtIFRsaW5naXQgc3RlbSBsaXN0OlRMU3RlbUxpc3QtMDMgKHkgecyIIHcgbSBiKS5wZGYAAA4APgAeAFQATABTAHQAZQBtAEwAaQBzAHQALQAwADMAIAAoAHkAIAB5AwgAIAB3ACAAbQAgAGIAKQAuAHAAZABmAA8AGgAMAE0AYQBjAGkAbgB0AG8AcwBoACAASABEABIAbVVzZXJzL2phbWVzL0RvY3VtZW50cy9NaW5lL1RsaW5naXQgRGljdGlvbmFyeS9UTDk2MkwxOTc1biAtIFRsaW5naXQgc3RlbSBsaXN0L1RMU3RlbUxpc3QtMDMgKHkgecyIIHcgbSBiKS5wZGYAABMAAS8AABUAAgAM//8AAAAIAA0AGgAkANUAAAAAAAACAQAAAAAAAAAFAAAAAAAAAAAAAAAAAAAC6Q==},
	Bdsk-File-10 = {YnBsaXN0MDDSAQIDBFxyZWxhdGl2ZVBhdGhZYWxpYXNEYXRhXxBOLi4vLi4vVGxpbmdpdCBEaWN0aW9uYXJ5L1RMOTYyTDE5NzVuIC0gVGxpbmdpdCBzdGVtIGxpc3QvVExTdGVtTGlzdC0wNCAobikucGRmTxEB6gAAAAAB6gACAAAMTWFjaW50b3NoIEhEAAAAAAAAAAAAAAAAAAAAAAAAAEJEAAH/////FVRMU3RlbUxpc3QtMDQgKG4pLnBkZgAAAAAAAAAAAAAAAAAAAAAAAAAAAAAAAAAAAAAAAAAAAAAAAAAAAAAAAP////8AAAAAAAAAAAAAAAAAAgADAAAKIGN1AAAAAAAAAAAAAAAAAB9UTDk2MkwxOTc1biAtIFRsaW5naXQgc3RlbSBsaXN0AAACAGUvOlVzZXJzOmphbWVzOkRvY3VtZW50czpNaW5lOlRsaW5naXQgRGljdGlvbmFyeTpUTDk2MkwxOTc1biAtIFRsaW5naXQgc3RlbSBsaXN0OlRMU3RlbUxpc3QtMDQgKG4pLnBkZgAADgAsABUAVABMAFMAdABlAG0ATABpAHMAdAAtADAANAAgACgAbgApAC4AcABkAGYADwAaAAwATQBhAGMAaQBuAHQAbwBzAGgAIABIAEQAEgBjVXNlcnMvamFtZXMvRG9jdW1lbnRzL01pbmUvVGxpbmdpdCBEaWN0aW9uYXJ5L1RMOTYyTDE5NzVuIC0gVGxpbmdpdCBzdGVtIGxpc3QvVExTdGVtTGlzdC0wNCAobikucGRmAAATAAEvAAAVAAIADP//AAAACAANABoAJAB1AAAAAAAAAgEAAAAAAAAABQAAAAAAAAAAAAAAAAAAAmM=},
	Bdsk-File-11 = {YnBsaXN0MDDSAQIDBFxyZWxhdGl2ZVBhdGhZYWxpYXNEYXRhXxBOLi4vLi4vVGxpbmdpdCBEaWN0aW9uYXJ5L1RMOTYyTDE5NzVuIC0gVGxpbmdpdCBzdGVtIGxpc3QvVExTdGVtTGlzdC0wNSAoZCkucGRmTxEB6gAAAAAB6gACAAAMTWFjaW50b3NoIEhEAAAAAAAAAAAAAAAAAAAAAAAAAEJEAAH/////FVRMU3RlbUxpc3QtMDUgKGQpLnBkZgAAAAAAAAAAAAAAAAAAAAAAAAAAAAAAAAAAAAAAAAAAAAAAAAAAAAAAAP////8AAAAAAAAAAAAAAAAAAgADAAAKIGN1AAAAAAAAAAAAAAAAAB9UTDk2MkwxOTc1biAtIFRsaW5naXQgc3RlbSBsaXN0AAACAGUvOlVzZXJzOmphbWVzOkRvY3VtZW50czpNaW5lOlRsaW5naXQgRGljdGlvbmFyeTpUTDk2MkwxOTc1biAtIFRsaW5naXQgc3RlbSBsaXN0OlRMU3RlbUxpc3QtMDUgKGQpLnBkZgAADgAsABUAVABMAFMAdABlAG0ATABpAHMAdAAtADAANQAgACgAZAApAC4AcABkAGYADwAaAAwATQBhAGMAaQBuAHQAbwBzAGgAIABIAEQAEgBjVXNlcnMvamFtZXMvRG9jdW1lbnRzL01pbmUvVGxpbmdpdCBEaWN0aW9uYXJ5L1RMOTYyTDE5NzVuIC0gVGxpbmdpdCBzdGVtIGxpc3QvVExTdGVtTGlzdC0wNSAoZCkucGRmAAATAAEvAAAVAAIADP//AAAACAANABoAJAB1AAAAAAAAAgEAAAAAAAAABQAAAAAAAAAAAAAAAAAAAmM=},
	Bdsk-File-12 = {YnBsaXN0MDDSAQIDBFxyZWxhdGl2ZVBhdGhZYWxpYXNEYXRhXxBVLi4vLi4vVGxpbmdpdCBEaWN0aW9uYXJ5L1RMOTYyTDE5NzVuIC0gVGxpbmdpdCBzdGVtIGxpc3QvVExTdGVtTGlzdC0wNiAodGEgdGUgdGkpLnBkZk8RAgQAAAAAAgQAAgAADE1hY2ludG9zaCBIRAAAAAAAAAAAAAAAAAAAAAAAAABCRAAB/////xxUTFN0ZW1MaXN0LTA2ICh0YSB0ZSB0aSkucGRmAAAAAAAAAAAAAAAAAAAAAAAAAAAAAAAAAAAAAAAAAAAAAAD/////AAAAAAAAAAAAAAAAAAIAAwAACiBjdQAAAAAAAAAAAAAAAAAfVEw5NjJMMTk3NW4gLSBUbGluZ2l0IHN0ZW0gbGlzdAAAAgBsLzpVc2VyczpqYW1lczpEb2N1bWVudHM6TWluZTpUbGluZ2l0IERpY3Rpb25hcnk6VEw5NjJMMTk3NW4gLSBUbGluZ2l0IHN0ZW0gbGlzdDpUTFN0ZW1MaXN0LTA2ICh0YSB0ZSB0aSkucGRmAA4AOgAcAFQATABTAHQAZQBtAEwAaQBzAHQALQAwADYAIAAoAHQAYQAgAHQAZQAgAHQAaQApAC4AcABkAGYADwAaAAwATQBhAGMAaQBuAHQAbwBzAGgAIABIAEQAEgBqVXNlcnMvamFtZXMvRG9jdW1lbnRzL01pbmUvVGxpbmdpdCBEaWN0aW9uYXJ5L1RMOTYyTDE5NzVuIC0gVGxpbmdpdCBzdGVtIGxpc3QvVExTdGVtTGlzdC0wNiAodGEgdGUgdGkpLnBkZgATAAEvAAAVAAIADP//AAAACAANABoAJAB8AAAAAAAAAgEAAAAAAAAABQAAAAAAAAAAAAAAAAAAAoQ=},
	Bdsk-File-13 = {YnBsaXN0MDDSAQIDBFxyZWxhdGl2ZVBhdGhZYWxpYXNEYXRhbxBSAC4ALgAvAC4ALgAvAFQAbABpAG4AZwBpAHQAIABEAGkAYwB0AGkAbwBuAGEAcgB5AC8AVABMADkANgAyAEwAMQA5ADcANQBuACAALQAgAFQAbABpAG4AZwBpAHQAIABzAHQAZQBtACAAbABpAHMAdAAvAFQATABTAHQAZQBtAEwAaQBzAHQALQAwADcAIAAoAHQAdQAgAHQCvAApAC4AcABkAGZPEQH6AAAAAAH6AAIAAAxNYWNpbnRvc2ggSEQAAAAAAAAAAAAAAAAAAAAAAAAAQkQAAf////8fVExTdGVtTGlzdC0wNyAodHUgI0ZGRkZGRkZGLnBkZgAAAAAAAAAAAAAAAAAAAAAAAAAAAAAAAAAAAAAAAAAA/////wAAAAAAAAAAAAAAAAACAAMAAAogY3UAAAAAAAAAAAAAAAAAH1RMOTYyTDE5NzVuIC0gVGxpbmdpdCBzdGVtIGxpc3QAAAIAai86VXNlcnM6amFtZXM6RG9jdW1lbnRzOk1pbmU6VGxpbmdpdCBEaWN0aW9uYXJ5OlRMOTYyTDE5NzVuIC0gVGxpbmdpdCBzdGVtIGxpc3Q6VExTdGVtTGlzdC0wNyAodHUgdMq8KS5wZGYADgA0ABkAVABMAFMAdABlAG0ATABpAHMAdAAtADAANwAgACgAdAB1ACAAdAK8ACkALgBwAGQAZgAPABoADABNAGEAYwBpAG4AdABvAHMAaAAgAEgARAASAGhVc2Vycy9qYW1lcy9Eb2N1bWVudHMvTWluZS9UbGluZ2l0IERpY3Rpb25hcnkvVEw5NjJMMTk3NW4gLSBUbGluZ2l0IHN0ZW0gbGlzdC9UTFN0ZW1MaXN0LTA3ICh0dSB0yrwpLnBkZgATAAEvAAAVAAIADP//AAAACAANABoAJADLAAAAAAAAAgEAAAAAAAAABQAAAAAAAAAAAAAAAAAAAsk=},
	Bdsk-File-14 = {YnBsaXN0MDDSAQIDBFxyZWxhdGl2ZVBhdGhZYWxpYXNEYXRhbxBYAC4ALgAvAC4ALgAvAFQAbABpAG4AZwBpAHQAIABEAGkAYwB0AGkAbwBuAGEAcgB5AC8AVABMADkANgAyAEwAMQA5ADcANQBuACAALQAgAFQAbABpAG4AZwBpAHQAIABzAHQAZQBtACAAbABpAHMAdAAvAFQATABTAHQAZQBtAEwAaQBzAHQALQAwADgAIAAoAUIAIAO7ACABmwAgAUICvAAgAZsCvAApAC4AcABkAGZPEQIeAAAAAAIeAAIAAAxNYWNpbnRvc2ggSEQAAAAAAAAAAAAAAAAAAAAAAAAAQkQAAf////8cVExTdGVtTGlzdC0wOCAoI0ZGRkZGRkZGLnBkZgAAAAAAAAAAAAAAAAAAAAAAAAAAAAAAAAAAAAAAAAAAAAAA/////wAAAAAAAAAAAAAAAAACAAMAAAogY3UAAAAAAAAAAAAAAAAAH1RMOTYyTDE5NzVuIC0gVGxpbmdpdCBzdGVtIGxpc3QAAAIAdi86VXNlcnM6amFtZXM6RG9jdW1lbnRzOk1pbmU6VGxpbmdpdCBEaWN0aW9uYXJ5OlRMOTYyTDE5NzVuIC0gVGxpbmdpdCBzdGVtIGxpc3Q6VExTdGVtTGlzdC0wOCAoxYIgzrsgxpsgxYLKvCDGm8q8KS5wZGYADgBAAB8AVABMAFMAdABlAG0ATABpAHMAdAAtADAAOAAgACgBQgAgA7sAIAGbACABQgK8ACABmwK8ACkALgBwAGQAZgAPABoADABNAGEAYwBpAG4AdABvAHMAaAAgAEgARAASAHRVc2Vycy9qYW1lcy9Eb2N1bWVudHMvTWluZS9UbGluZ2l0IERpY3Rpb25hcnkvVEw5NjJMMTk3NW4gLSBUbGluZ2l0IHN0ZW0gbGlzdC9UTFN0ZW1MaXN0LTA4ICjFgiDOuyDGmyDFgsq8IMabyrwpLnBkZgATAAEvAAAVAAIADP//AAAACAANABoAJADXAAAAAAAAAgEAAAAAAAAABQAAAAAAAAAAAAAAAAAAAvk=},
	Bdsk-File-15 = {YnBsaXN0MDDSAQIDBFxyZWxhdGl2ZVBhdGhZYWxpYXNEYXRhbxBYAC4ALgAvAC4ALgAvAFQAbABpAG4AZwBpAHQAIABEAGkAYwB0AGkAbwBuAGEAcgB5AC8AVABMADkANgAyAEwAMQA5ADcANQBuACAALQAgAFQAbABpAG4AZwBpAHQAIABzAHQAZQBtACAAbABpAHMAdAAvAFQATABTAHQAZQBtAEwAaQBzAHQALQAwADkAIAAoAHMAIAKSACAAYwAgAHMCvAAgAGMCvAApAC4AcABkAGZPEQIWAAAAAAIWAAIAAAxNYWNpbnRvc2ggSEQAAAAAAAAAAAAAAAAAAAAAAAAAQkQAAf////8eVExTdGVtTGlzdC0wOSAocyAjRkZGRkZGRkYucGRmAAAAAAAAAAAAAAAAAAAAAAAAAAAAAAAAAAAAAAAAAAAA/////wAAAABQREYgAAAAAAACAAMAAAogY3UAAAAAAAAAAAAAAAAAH1RMOTYyTDE5NzVuIC0gVGxpbmdpdCBzdGVtIGxpc3QAAAIAci86VXNlcnM6amFtZXM6RG9jdW1lbnRzOk1pbmU6VGxpbmdpdCBEaWN0aW9uYXJ5OlRMOTYyTDE5NzVuIC0gVGxpbmdpdCBzdGVtIGxpc3Q6VExTdGVtTGlzdC0wOSAocyDKkiBjIHPKvCBjyrwpLnBkZgAOAEAAHwBUAEwAUwB0AGUAbQBMAGkAcwB0AC0AMAA5ACAAKABzACACkgAgAGMAIABzArwAIABjArwAKQAuAHAAZABmAA8AGgAMAE0AYQBjAGkAbgB0AG8AcwBoACAASABEABIAcFVzZXJzL2phbWVzL0RvY3VtZW50cy9NaW5lL1RsaW5naXQgRGljdGlvbmFyeS9UTDk2MkwxOTc1biAtIFRsaW5naXQgc3RlbSBsaXN0L1RMU3RlbUxpc3QtMDkgKHMgypIgYyBzyrwgY8q8KS5wZGYAEwABLwAAFQACAAz//wAAAAgADQAaACQA1wAAAAAAAAIBAAAAAAAAAAUAAAAAAAAAAAAAAAAAAALx},
	Bdsk-File-16 = {YnBsaXN0MDDSAQIDBFxyZWxhdGl2ZVBhdGhZYWxpYXNEYXRhbxBZAC4ALgAvAC4ALgAvAFQAbABpAG4AZwBpAHQAIABEAGkAYwB0AGkAbwBuAGEAcgB5AC8AVABMADkANgAyAEwAMQA5ADcANQBuACAALQAgAFQAbABpAG4AZwBpAHQAIABzAHQAZQBtACAAbABpAHMAdAAvAFQATABTAHQAZQBtAEwAaQBzAHQALQAxADAAIAAoAHMDDAAgApIDDAAgAGMDDAAgAGMDDAK8ACkALgBwAGQAZk8RAiAAAAAAAiAAAgAADE1hY2ludG9zaCBIRAAAAAAAAAAAAAAAAAAAAAAAAABCRAAB/////xxUTFN0ZW1MaXN0LTEwICgjRkZGRkZGRkYucGRmAAAAAAAAAAAAAAAAAAAAAAAAAAAAAAAAAAAAAAAAAAAAAAD/////AAAAAFBERiBDQVJPAAIAAwAACiBjdQAAAAAAAAAAAAAAAAAfVEw5NjJMMTk3NW4gLSBUbGluZ2l0IHN0ZW0gbGlzdAAAAgB2LzpVc2VyczpqYW1lczpEb2N1bWVudHM6TWluZTpUbGluZ2l0IERpY3Rpb25hcnk6VEw5NjJMMTk3NW4gLSBUbGluZ2l0IHN0ZW0gbGlzdDpUTFN0ZW1MaXN0LTEwIChzzIwgypLMjCBjzIwgY8yMyrwpLnBkZgAOAEIAIABUAEwAUwB0AGUAbQBMAGkAcwB0AC0AMQAwACAAKABzAwwAIAKSAwwAIABjAwwAIABjAwwCvAApAC4AcABkAGYADwAaAAwATQBhAGMAaQBuAHQAbwBzAGgAIABIAEQAEgB0VXNlcnMvamFtZXMvRG9jdW1lbnRzL01pbmUvVGxpbmdpdCBEaWN0aW9uYXJ5L1RMOTYyTDE5NzVuIC0gVGxpbmdpdCBzdGVtIGxpc3QvVExTdGVtTGlzdC0xMCAoc8yMIMqSzIwgY8yMIGPMjMq8KS5wZGYAEwABLwAAFQACAAz//wAAAAgADQAaACQA2QAAAAAAAAIBAAAAAAAAAAUAAAAAAAAAAAAAAAAAAAL9}}

@unpublished{leer:1976,
	Author = {Leer, Jeff},
	Date-Added = {2020-03-08 16:03:59 -0700},
	Date-Modified = {2020-03-08 16:03:59 -0700},
	Eprint = {TL962L1975n},
	Eprinttype = {anla},
	Keywords = {Language - Tlingit; Lexicography - Wordlist},
	Note = {Unpublished manuscript},
	Title = {Tlingit verb catalog},
	Year = {1976},
	Bdsk-File-1 = {YnBsaXN0MDDSAQIDBFxyZWxhdGl2ZVBhdGhZYWxpYXNEYXRhXxA9Li4vLi4vVGxpbmdpdCBEaWN0aW9uYXJ5L1RMOTYyTDE5NzRoIC0gTGVlciBUbGluZ2l0IFZlcmJzLnBkZk8RAdYAAAAAAdYAAgAADE1hY2ludG9zaCBIRAAAAAAAAAAAAAAAAAAAAAAAAABCRAAB/////x9UTDk2MkwxOTc0aCAtIExlZXIjRkZGRkZGRkYucGRmAAAAAAAAAAAAAAAAAAAAAAAAAAAAAAAAAAAAAAAAAAD/////AAAAAAAAAAAAAAAAAAIAAgAACiBjdQAAAAAAAAAAAAAAAAASVGxpbmdpdCBEaWN0aW9uYXJ5AAIAVC86VXNlcnM6amFtZXM6RG9jdW1lbnRzOk1pbmU6VGxpbmdpdCBEaWN0aW9uYXJ5OlRMOTYyTDE5NzRoIC0gTGVlciBUbGluZ2l0IFZlcmJzLnBkZgAOAEoAJABUAEwAOQA2ADIATAAxADkANwA0AGgAIAAtACAATABlAGUAcgAgAFQAbABpAG4AZwBpAHQAIABWAGUAcgBiAHMALgBwAGQAZgAPABoADABNAGEAYwBpAG4AdABvAHMAaAAgAEgARAASAFJVc2Vycy9qYW1lcy9Eb2N1bWVudHMvTWluZS9UbGluZ2l0IERpY3Rpb25hcnkvVEw5NjJMMTk3NGggLSBMZWVyIFRsaW5naXQgVmVyYnMucGRmABMAAS8AABUAAgAM//8AAAAIAA0AGgAkAGQAAAAAAAACAQAAAAAAAAAFAAAAAAAAAAAAAAAAAAACPg==}}

@book{story-naish:1973,
	Address = {Fairbanks, AK},
	Author = {Story, Gillian L. and Naish, Constance M.},
	Booktitle = {Tlingit verb dictionary},
	Date-Added = {2020-03-08 16:03:50 -0700},
	Date-Modified = {2020-03-08 16:03:50 -0700},
	Eprint = {TL959NS1973},
	Eprinttype = {anla},
	Isbn = {0-933769-25-3},
	Keywords = {Language - Tlingit; Morphology; Morphology - Verb; Lexicography - Dictionary},
	Publisher = {Alaska Native Language Center},
	Read = {Yes},
	Title = {Tlingit verb dictionary},
	Year = {1973},
	Bdsk-File-1 = {YnBsaXN0MDDSAQIDBFxyZWxhdGl2ZVBhdGhZYWxpYXNEYXRhXxAqLi4vLi4vLi4vTGl0ZXJhdHVyZS9TdG9yeSAmIE5haXNoIDE5NzMucGRmTxEBfgAAAAABfgACAAAMTWFjaW50b3NoIEhEAAAAAAAAAAAAAAAAAAAAAAAAAEJEAAH/////FlN0b3J5ICYgTmFpc2ggMTk3My5wZGYAAAAAAAAAAAAAAAAAAAAAAAAAAAAAAAAAAAAAAAAAAAAAAAAAAAAAAP////8AAAAAAAAAAAAAAAAAAwACAAAKIGN1AAAAAAAAAAAAAAAAAApMaXRlcmF0dXJlAAIAOS86VXNlcnM6amFtZXM6RG9jdW1lbnRzOkxpdGVyYXR1cmU6U3RvcnkgJiBOYWlzaCAxOTczLnBkZgAADgAuABYAUwB0AG8AcgB5ACAAJgAgAE4AYQBpAHMAaAAgADEAOQA3ADMALgBwAGQAZgAPABoADABNAGEAYwBpAG4AdABvAHMAaAAgAEgARAASADdVc2Vycy9qYW1lcy9Eb2N1bWVudHMvTGl0ZXJhdHVyZS9TdG9yeSAmIE5haXNoIDE5NzMucGRmAAATAAEvAAAVAAIADP//AAAACAANABoAJABRAAAAAAAAAgEAAAAAAAAABQAAAAAAAAAAAAAAAAAAAdM=}}

@book{edwards:2009,
	Address = {Juneau, AK},
	Author = {Edwards, Keri},
	Booktitle = {Dictionary of Tlingit},
	Cites = {leer:1991, story:1973, story:1966, naish:1966, naish:1976, naish:1963},
	Date-Added = {2020-03-08 16:03:50 -0700},
	Date-Modified = {2020-03-08 16:03:50 -0700},
	Eprint = {TL005E2009},
	Eprinttype = {anla},
	Isbn = {978-1-44-040127-5},
	Keywords = {Language - Tlingit; Lexicography - Dictionary; Morphology - Verb},
	Publisher = {Sealaska Heritage Institute},
	Title = {Dictionary of Tlingit},
	Year = {2009},
	Bdsk-File-1 = {YnBsaXN0MDDSAQIDBFxyZWxhdGl2ZVBhdGhZYWxpYXNEYXRhXxAkLi4vLi4vLi4vTGl0ZXJhdHVyZS9FZHdhcmRzIDIwMDkucGRmTxEBZgAAAAABZgACAAAMTWFjaW50b3NoIEhEAAAAAAAAAAAAAAAAAAAAAAAAAEJEAAH/////EEVkd2FyZHMgMjAwOS5wZGYAAAAAAAAAAAAAAAAAAAAAAAAAAAAAAAAAAAAAAAAAAAAAAAAAAAAAAAAAAAAAAP////8AAAAAAAAAAAAAAAAAAwACAAAKIGN1AAAAAAAAAAAAAAAAAApMaXRlcmF0dXJlAAIAMy86VXNlcnM6amFtZXM6RG9jdW1lbnRzOkxpdGVyYXR1cmU6RWR3YXJkcyAyMDA5LnBkZgAADgAiABAARQBkAHcAYQByAGQAcwAgADIAMAAwADkALgBwAGQAZgAPABoADABNAGEAYwBpAG4AdABvAHMAaAAgAEgARAASADFVc2Vycy9qYW1lcy9Eb2N1bWVudHMvTGl0ZXJhdHVyZS9FZHdhcmRzIDIwMDkucGRmAAATAAEvAAAVAAIADP//AAAACAANABoAJABLAAAAAAAAAgEAAAAAAAAABQAAAAAAAAAAAAAAAAAAAbU=}}

@book{chierchia-partee-turner:1989,
	Address = {Dordrecht},
	Booktitle = {Properties, types, and meaning, vol. II: Semantic issues},
	Date-Added = {2020-04-05 14:43:46 -0700},
	Date-Modified = {2020-04-05 14:43:46 -0700},
	Doi = {10.1007/978-94-009-2723-0},
	Editor = {Chierchia, Gennaro and Partee, Barbara H. and Turner, Raymond},
	Isbn = {1-55608-069-7},
	Keywords = {Semantics - Type theory; Semantics - Properties},
	Library = {P325.P74 1988},
	Publisher = {Kluwer Academic Publishers},
	Series = {Studies in linguistics and philosophy},
	Title = {Properties, types, and meaning, vol. II: Semantic issues},
	Volume = {39},
	Year = {1989},
	Bdsk-File-1 = {YnBsaXN0MDDSAQIDBFxyZWxhdGl2ZVBhdGhZYWxpYXNEYXRhXxA2Li4vLi4vLi4vTGl0ZXJhdHVyZS9DaGllcmNoaWEsIFBhcnRlZSwgVHVybmVyIDE5ODkucGRmTxEBrgAAAAABrgACAAAMTWFjaW50b3NoIEhEAAAAAAAAAAAAAAAAAAAAAAAAAEJEAAH/////H0NoaWVyY2hpYSwgUGFydGVlLCNGRkZGRkZGRi5wZGYAAAAAAAAAAAAAAAAAAAAAAAAAAAAAAAAAAAAAAAAAAP////8AAAAAAAAAAAAAAAAAAwACAAAKIGN1AAAAAAAAAAAAAAAAAApMaXRlcmF0dXJlAAIARS86VXNlcnM6amFtZXM6RG9jdW1lbnRzOkxpdGVyYXR1cmU6Q2hpZXJjaGlhLCBQYXJ0ZWUsIFR1cm5lciAxOTg5LnBkZgAADgBGACIAQwBoAGkAZQByAGMAaABpAGEALAAgAFAAYQByAHQAZQBlACwAIABUAHUAcgBuAGUAcgAgADEAOQA4ADkALgBwAGQAZgAPABoADABNAGEAYwBpAG4AdABvAHMAaAAgAEgARAASAENVc2Vycy9qYW1lcy9Eb2N1bWVudHMvTGl0ZXJhdHVyZS9DaGllcmNoaWEsIFBhcnRlZSwgVHVybmVyIDE5ODkucGRmAAATAAEvAAAVAAIADP//AAAACAANABoAJABdAAAAAAAAAgEAAAAAAAAABQAAAAAAAAAAAAAAAAAAAg8=}}

@book{higginbotham-pianesi-varzi:2000,
	Address = {Oxford},
	Booktitle = {Speaking of events},
	Date-Added = {2020-04-02 16:10:00 -0700},
	Date-Modified = {2020-04-02 16:10:00 -0700},
	Editor = {Higginbotham, James and Pianesi, Fabio and Varzi, Achille C.},
	Isbn = {0-19-512807-9},
	Keywords = {Semantics - Event structure; Semantics - Theory - Event semantics},
	Library = {P325.S63 1999},
	Publisher = {Oxford University Press},
	Title = {Speaking of events},
	Year = {2000},
	Bdsk-File-1 = {YnBsaXN0MDDSAQIDBFxyZWxhdGl2ZVBhdGhZYWxpYXNEYXRhXxA5Li4vLi4vLi4vTGl0ZXJhdHVyZS9IaWdnaW5ib3RoYW0sIFBpYW5lc2ksIFZhcnppIDIwMDAucGRmTxEBuAAAAAABuAACAAAMTWFjaW50b3NoIEhEAAAAAAAAAAAAAAAAAAAAAAAAAEJEAAH/////H0hpZ2dpbmJvdGhhbSwgUGlhbiNGRkZGRkZGRi5wZGYAAAAAAAAAAAAAAAAAAAAAAAAAAAAAAAAAAAAAAAAAAP////8AAAAAAAAAAAAAAAAAAwACAAAKIGN1AAAAAAAAAAAAAAAAAApMaXRlcmF0dXJlAAIASC86VXNlcnM6amFtZXM6RG9jdW1lbnRzOkxpdGVyYXR1cmU6SGlnZ2luYm90aGFtLCBQaWFuZXNpLCBWYXJ6aSAyMDAwLnBkZgAOAEwAJQBIAGkAZwBnAGkAbgBiAG8AdABoAGEAbQAsACAAUABpAGEAbgBlAHMAaQAsACAAVgBhAHIAegBpACAAMgAwADAAMAAuAHAAZABmAA8AGgAMAE0AYQBjAGkAbgB0AG8AcwBoACAASABEABIARlVzZXJzL2phbWVzL0RvY3VtZW50cy9MaXRlcmF0dXJlL0hpZ2dpbmJvdGhhbSwgUGlhbmVzaSwgVmFyemkgMjAwMC5wZGYAEwABLwAAFQACAAz//wAAAAgADQAaACQAYAAAAAAAAAIBAAAAAAAAAAUAAAAAAAAAAAAAAAAAAAIc}}

@book{maienborn-vonheusinger-portner:2012,
	Address = {Berlin},
	Booktitle = {Semantics: An international handbook of natural language meaning},
	Date-Added = {2020-04-02 15:53:45 -0700},
	Date-Modified = {2020-04-02 15:53:45 -0700},
	Editor = {Maienborn, Claudia and von Heusinger, Klaus and Portner, Paul H.},
	Isbn = {978-3-11-025337-5},
	Keywords = {Semantics},
	Library = {P325.S3799 2012},
	Number = {3},
	Publisher = {Walter de Gruyter},
	Series = {Handbooks of linguistics and communication science},
	Title = {Semantics: An international handbook of natural language meaning},
	Volume = {33},
	Year = {2012},
	Bdsk-File-1 = {YnBsaXN0MDDSAQIDBFxyZWxhdGl2ZVBhdGhZYWxpYXNEYXRhXxBBLi4vLi4vLi4vTGl0ZXJhdHVyZS9NYWllbmJvcm4sIHZvbiBIZXVzaW5nZXIsIFBvcnRuZXIgdjMgMjAxMi5wZGZPEQHYAAAAAAHYAAIAAAxNYWNpbnRvc2ggSEQAAAAAAAAAAAAAAAAAAAAAAAAAQkQAAf////8fTWFpZW5ib3JuLCB2b24gSGV1I0ZGRkZGRkZGLnBkZgAAAAAAAAAAAAAAAAAAAAAAAAAAAAAAAAAAAAAAAAAA/////wAAAAAAAAAAAAAAAAADAAIAAAogY3UAAAAAAAAAAAAAAAAACkxpdGVyYXR1cmUAAgBQLzpVc2VyczpqYW1lczpEb2N1bWVudHM6TGl0ZXJhdHVyZTpNYWllbmJvcm4sIHZvbiBIZXVzaW5nZXIsIFBvcnRuZXIgdjMgMjAxMi5wZGYADgBcAC0ATQBhAGkAZQBuAGIAbwByAG4ALAAgAHYAbwBuACAASABlAHUAcwBpAG4AZwBlAHIALAAgAFAAbwByAHQAbgBlAHIAIAB2ADMAIAAyADAAMQAyAC4AcABkAGYADwAaAAwATQBhAGMAaQBuAHQAbwBzAGgAIABIAEQAEgBOVXNlcnMvamFtZXMvRG9jdW1lbnRzL0xpdGVyYXR1cmUvTWFpZW5ib3JuLCB2b24gSGV1c2luZ2VyLCBQb3J0bmVyIHYzIDIwMTIucGRmABMAAS8AABUAAgAM//8AAAAIAA0AGgAkAGgAAAAAAAACAQAAAAAAAAAFAAAAAAAAAAAAAAAAAAACRA==}}
